2916 5230
250 471 253 481 ·
317 429 366 516 86

338 627 389 709 ll.
442 591 781 706 eommebrarti
811 623 857 700 in
886 623 1009 700 Asea
1039 592 1256 720 Apostol.
1290 637 1338 696 et

652 747 887 842 epistolas
919 747 967 818 N.
992 745 1031 817 T.

426 905 669 986 commentarii
698 907 735 972 in
757 903 868 972 Acta
890 889 1231 991 Apostoloruui,
1261 921 1364 989 quem

246 1040 249 1056 ¹
283 1005 288 1010 ’
325 1009 527 1078 Theodorus
554 1007 719 1077 Ebediesn
747 1020 829 1075 teste
857 1005 882 1073 l.
904 1027 932 1072 ο.
962 1027 995 1094 p.
1018 1010 1072 1071 32.
1093 1005 1136 1072 ad
1157 999 1315 1071 basilium
1336 1002 1366 1090 ¹)

128 1115 132 1126 '
258 1161 261 1172 .
324 1111 473 1202 scripsit,
503 1134 610 1178 unum
638 1109 754 1198 fragm.
782 1110 819 1175 in
846 1111 924 1178 Act.
950 1110 989 1175 C.
1019 1109 1132 1176 const.
1154 1108 1202 1178 Π.Ι
1219 1107 1279 1172 IV.
1312 1112 1368 1176 16.

235 1286 243 1312 s
324 1217 415 1305 (‚,-
441 1214 527 1280 libro
562 1211 716 1298 primn“.
759 1213 1098 1298 Vigi1.·const.17.,
1137 1211 1264 1298 Pelagii
1285 1233 1370 1300 pap.

325 1339 378 1408 ep.
400 1315 460 1382 lll.
480 1313 522 1380 ad
534 1313 645 1379 Elium
668 1313 689 1380 l.
703 1337 730 1380 c.
746 1337 781 1402 p.
797 1315 873 1380 429.
890 1305 978 1400 430.)
1000 1315 1042 1380 de
1056 1317 1130 1381 Act.
1143 1321 1175 1397 2,
1191 1319 1243 1381 88.
1264 1313 1370 1402 invo-

323 1419 429 1486 nitur.
472 1414 628 1484 Meminit
640 1411 739 1480 huius
753 1417 985 1484 commentarii
1001 1428 1034 1482 et
1046 1416 1266 1506 expositionis
1278 1437 1368 1502 qua-

324 1517 468 1589 rundam
494 1533 571 1608 epp.
591 1517 687 1584 Pauli
706 1517 923 1586 Abulbarcat.
949 1520 991 1588 de
1012 1520 1081 1588 div.
1104 1517 1194 1585 offi'c.
1215 1538 1246 1584 c.
1263 1523 1293 1584 7.
1321 1517 1368 1588 cf.

252 1655 256 1670 ·
324 1624 457 1694 Assem.
476 1621 498 1690 l.
522 1621 544 1688 l.
566 1643 599 1710 p.
617 1624 670 1687 30.

431 1755 589 1823 Omnes
612 1753 738 1822 Pauli
766 1756 977 1846 epistolas
998 1767 1041 1822 et
1067 1752 1292 1844 epistolem
1315 1749 1368 1816 ed

210 1903 213 1912 ι
325 1857 550 1926 Hebraeos
570 1879 590 1922 a
610 1855 790 1923 Theodoro
815 1857 997 1946 explicatas
1020 1880 1089 1923 esse
1109 1857 1179 1943 (ep.
1201 1855 1243 1922 ad
1264 1855 1371 1926 Rom.

327 1959 370 2029 ad
387 1957 589 2042 Eusebium,
613 1960 694 2024 duas
716 1959 758 2025 ad
782 1961 858 2028 Cor.
881 1974 1002 2048 rogatu
1015 1959 1206 2044 Theodori,
1228 1979 1307 2050 epp.
1322 1958 1371 2024 ad

303 2062 418 2150 'Gal.,
441 2063 547 2152 pr.,
573 2061 738 2153 Philipp„
767 2063 894 2128 Coloss.
919 2084 990 2148 rog.
1012 2061 1191 2147 Eustratii,
1225 2084 1302 2152 epp.
1324 2059 1371 2126 ed

324 2163 441 2230 Thess.
462 2185 536 2248 rog.
556 2165 689 2244 Iacobi,
710 2187 786 2252 epp.
807 2165 848 2232 ad
869 2165 1020 2232 Timoth.
1039 2166 1082 2230 ad
1104 2167 1259 2246 Petrum,
1287 2187 1372 2253 epp.

326 2261 369 2334 ad
389 2261 457 2328 Tit
479 2275 514 2328 et
534 2263 675 2329 Philem.
702 2287 773 2350 rog.
797 2265 937 2352 cyrini,
965 2289 1017 2352 ep.
1039 2267 1081 2329 ad
1101 2267 1209 2330 Hebr.
1228 2266 1271 2330 ed
1294 2267 1374 2356 Cy·
1455 2279 1456 2302 ¹

325 2366 454 2448 einum)
484 2365 639 2455 perhibet
662 2364 830 2431 Ebediesu
858 2367 881 2435 l.
911 2387 937 2430 ο.
965 2387 1000 2454 p.
1022 2370 1075 2432 32.
1099 2371 1151 2432 33.
1200 2366 1371 2434 Leontius
1456 2405 1457 2436 r

325 2469 394 2537 lo.
419 2467 517 2555 (Mai.
531 2471 559 2538 l.
580 2470 603 2534 t
625 2464 684 2534 Vl.
712 2489 746 2554 p.
770 2465 860 2554 299.)
887 2481 1056 2534 memorat
1085 2463 1139 2549 τὴν
1162 2471 1371 2562 πορεξῆγησιν

327 2571 418 2658 siut,
443 2567 481 2654 ἣν
508 2572 556 2650 εἷς
575 2564 630 2652 τήν
649 2564 729 2658 πρὸς
747 2567 917 2654 Ἑβραίους
943 2566 1105 2653 ἐπιστολὴν
1130 2581 1296 2652 πεποίηται
1314 2581 1372 2644 καὶ

191 2666 195 2688 ’
326 2673 391 2772 ri.
424 2683 477 2744 sat
504 2677 549 2752 εἰς
584 2668 641 2754 τὴν
665 2671 712 2766 (ἲ)
738 2666 819 2760 πρὸς
846 2677 1037 2762 Κορινθίους
1061 2681 1114 2743 καὶ
1143 2679 1281 2754 Γαλάτας
1304 2713 1371 2750 “·

330 2782 419 2855 Germ
443 2761 681 2844 Theodoretns
710 2777 746 2842 in
775 2775 883 2868 praef.
911 2779 948 2846 in
976 2779 1012 2847 P.
1036 2801 1111 2868 epp.
1129 2777 1304 2846 scriberetz
1323 2815 1370 2832 -

235 2895 239 2902 '
329 2879 501 2966 μῧθαδείας
528 2903 568 2964 με
596 2872 692 2962 τοχὸν
722 2885 775 2944 καὶ
801 2885 996 2965 θρασύτητος
1021 2884 1199 2968 γράφονται
1216 2875 1292 2968 perri
1313 2879 1370 2952 τὸν

329 2989 414 3065 δεῖνα
439 2986 494 3047 οιαὶ
521 2973 575 3047 riv
602 2984 706 3062 δεῖνα,
729 2973 800 3056 τούς
827 2989 881 3060 τῆς
905 2983 1083 3070 οἰκουμένης
1110 2978 1291 3071 porsinae.
1313 2995 1370 3068 τῆς

328 3083 531 3163 ἆποστολοοοῆς
566 3077 724 3170 ἑρμηνείας
755 3090 991 3170 κὀτοοοολμῶντα
1018 3083 1107 3150 haud
1136 3085 1236 3154 dubie
1267 3087 1371 3156 etiam

332 3189 377 3258 ad
400 3186 621 3256 Theodorum
644 3185 808 3276 respexit,
830 3187 888 3252 sed
912 3209 1026 3254 erroro
1041 3190 1221 3258 observant
1239 3191 1370 3257 Carens

330 3291 396 3360 tl.
420 3315 453 3380 p.
467 3291 542 3356 248.
565 3302 598 3356 et
619 3290 751 3356 Assem.
772 3290 793 3356 l.
816 3291 836 3357 l.
859 3314 891 3381 p.
907 3297 977 3372 32,
999 3305 1136 3359 auctore
1153 3293 1369 3362 Theodoreto

333 3415 451 3460 omnes
484 3390 581 3458 Pauli
617 3391 774 3478 epistolas
813 3417 833 3458 a
863 3393 1044 3460 Theodoro
1079 3392 1151 3462 fuse
1184 3395 1369 3484 explicatas

290 3487 297 3506 ⁸
332 3518 413 3566 esse.
433 3531 494 3559 -.
535 3495 737 3577 Fragmenta
757 3505 837 3557 sunt
857 3493 894 3558 in
913 3508 976 3563 cat.
998 3497 1088 3562 ined.
1110 3497 1181 3565 cod.
1205 3498 1314 3564 CCIV
1335 3510 1370 3563 et

286 3641 293 3668 t
332 3611 373 3672 ut
390 3595 528 3664 videtur
553 3591 720 3662 XXVIII.
747 3591 865 3658 XXX.
894 3593 972 3662 bibl.
997 3597 1100 3666 Coisl.
1122 3597 1163 3664 cf.
1185 3591 1312 3669 Monll.
1336 3602 1369 3673 b.

332 3783 536 3806 *1-
609 3783 611 3788 ’

385 3905 416 3974 1)
440 3903 522 3958 llune
544 3899 673 3958 Rutilium
692 3901 774 3972 episc.
795 3901 951 3976 Raphaneee
975 3901 1057 3956 luisse
1079 3905 1173 3967 credo,
1198 3906 1246 3981 qui
1265 3905 1369 3978 synodo

438 3987 744 4059 Constantinopolitanae
765 3989 863 4056 3.,381.
881 3987 1040 4060 subscripsit
1053 3989 1218 4064 eundemque
1234 3991 1263 4042 in
1284 3989 1369 4062 Chry·

339 4093 348 4110 ι
436 4069 547 4124 sostomi
559 4069 635 4124 libris
648 4069 681 4126 ds
691 4073 835 4126 sacerdotio
848 4075 1067 4140 commemorari,
1085 4072 1308 4134 verisimillimum
1327 4085 1369 4129 est

417 4243 419 4251 y
437 4153 473 4212 cl.
491 4154 591 4212 Mons.
612 4157 669 4228 Op.
688 4157 824 4231 Cbrysost.
840 4159 865 4218 l.
880 4179 910 4234 p·
927 4162 990 4220 861.

406 4403 413 4452 l
