2938 5240
365 477 411 551 ⁵⁰
444 482 447 488 .

233 713 236 722 ,
371 659 569 754 disputavit,
604 661 696 748 quae'
714 656 840 740 scribe,
881 655 1089 740 orthodoxue
1118 657 1257 746 scilicet,
1294 660 1409 744 denuo

337 832 341 852 ,
371 764 490 832 chartis
510 761 662 828 mandari
677 761 787 828 noluit
808 759 858 848 (v.
871 760 961 848 ini).
1001 760 1093 848 Aug.
1109 761 1239 846 Maius,
1261 765 1320 850 qui
1332 766 1412 854 pri-

369 891 445 934 mus
459 864 630 932 Theodori
651 864 689 932 in
709 866 790 932 XII.
809 865 929 954 proph.
942 865 1224 937 commentarium
1238 866 1412 954 integram

371 972 425 1037 1.1.
438 970 497 1036 VI.
512 972 703 1060 pin-298.
726 989 842 1054 graece
857 967 961 1054 edidit
973 968 1066 1054 (ΤᾸ.
1080 968 1172 1060 1’.11.
1188 969 1323 1058 [111-
1333 971 1411 1044 104,

325 1057 330 1080 ³
370 1073 507 1140 nonnisi
520 1071 777 1139 commentarios
790 1070 827 1136 in
838 1069 920 1155 lom,
942 1069 1086 1136 Nahum.
1101 1083 1135 1136 et
1145 1069 1233 1136 Abd.
1247 1073 1410 1164 integros,

227 1249 230 1254 ,
368 1175 689 1243 commentariorum
702 1185 812 1240 autem
827 1174 865 1238 in
876 1175 1006 1252 Amce,
1019 1171 1135 1256 Zach.,
1150 1171 1232 1238 Hcs.
1248 1171 1410 1260 (-1‚8.)

229 1343 230 1348 ,
369 1291 404 1360 et
417 1281 523 1362 Hegg.
543 1274 601 1362 (-
612 1277 642 1356 1,
664 1276 708 1358 1.)
730 1274 801 1338 eolo
812 1274 906 1340 initia
922 1273 1035 1360 addita
1049 1275 1265 1342 translatione
1279 1297 1338 1344 sue
1353 1277 1411 1342 la-

367 1382 438 1468 tine
455 1374 629 1461 inseruit),
651 1375 764 1462 priore
782 1374 841 1442 illo
862 1375 934 1442 cod.
952 1386 1021 1442 vat.
1039 1399 1117 1442 usur
1140 1390 1208 1464 est,
1229 1379 1324 1444 nulla
1346 1401 1409 1444 re-

311 1549 313 1554 ,
367 1480 525 1550 centicria
546 1479 678 1546 ratione
699 1478 822 1547 habite.
867 1477 1020 1546 Omnino
1031 1491 1167 1564 'textua‚
1194 1499 1294 1566 quem
1308 1479 1411 1546 exhi-

226 1651 229 1660 ,
365 1586 456 1669 huit,
492 1593 598 1676 purus
626 1579 803 1667 dicendus,
839 1601 1041 1670 quamquam
1070 1579 1240 1668 interdum
1270 1581 1409 1649 editoris

231 1749 234 1762 ,
360 1687 524 1782 dealbarer
551 1682 727 1752 desideras.
761 1719 805 1734 -
863 1685 979 1752 Duos
1013 1683 1108 1750 codd.
1141 1685 1291 1752 continet
1323 1683 1407 1762 bibl.

321 1797 327 1804 “
364 1793 528 1858 Caesarea
548 1786 740 1853 Vindobon.
782 1787 935 1870 Uterque
955 1784 1145 1853 chartaceus
1166 1809 1230 1864 nec
1249 1787 1408 1874 antiquus

364 1896 468 1982 (alter
484 1887 569 1956 cod.
596 1887 727 1955 XVIII.
743 1886 893 1954 Kollerio
923 1887 970 1970 [r.
999 1887 1041 1954 ei.
1071 1888 1113 1953 ad
1138 1891 1208 1956 Pet.
1230 1889 1408 1956 Lambecii

364 2003 544 2062 comment.
572 1987 614 2057 de
642 1989 722 2060 bibl.
750 2012 834 2056 caes.
863 1985 966 2054 Vind.
993 1987 1016 2054 l.
1037 1987 1130 2056 VIII.
1150 1993 1313 2082 supplem.
1332 1993 1356 2060 1.
1376 1993 1407 2059 Ι.

363 2097 509 2164 vindob:
535 2097 630 2159 1790.
651 2116 688 2182 p.
711 2091 948 2177 164.]saeoulo
969 2091 1086 2179 quinto
1108 2093 1240 2162 decimo
1260 2095 1407 2183 scriptus

181 2249 184 2256 .
294 2207 298 2220 “
363 2195 503 2277 dicitur,
528 2194 613 2259 alter
627 2215 656 2260 o.
670 2194 744 2261 LV.
765 2193 949 2278 (CLXIII.)
969 2193 1058 2260 Dan.
1081 2195 1122 2262 de
1141 2197 1260 2267 Nessel
1281 2199 1407 2282 [Catel.

316 2361 320 2368 ,
362 2298 437 2365 cdd.
458 2287 623 2388 msacsgr.
642 2294 676 2364 b.
696 2293 797 2362 vind.
825 2291 928 2360 vind.
952 2297 1047 2360 1690.
1075 2316 1109 2383 p.
1123 2300 1221 2384 156]
1243 2313 1275 2364 et
1294 2301 1408 2374 Lame

363 2400 458 2470 becio
483 2398 603 2484 [Calai.
627 2397 703 2464 cdd.
720 2395 866 2464 Vindch.
884 2396 944 2464 IV.
965 2419 998 2486 p.
1026 2399 1097 2464 160.
1119 2397 1172 2464 ed.
1192 2399 1321 2466 Kollar.
1343 2401 1407 2468 IV.

363 2524 399 2592 p.
419 2504 528 2588 3⁶04,
550 2523 571 2566 a
593 2499 713 2587 quibus
733 2499 756 2565 1.
776 2499 799 2563 l.
823 2497 1007 2588 descriptus
1026 2511 1093 2582 est,
1110 2501 1326 2574 mediocriter
1339 2527 1407 2570 an-

362 2603 476 2692 tiquus
498 2602 656 2683 hebetur,
684 2599 744 2666 ced
770 2599 842 2667 eine
869 2612 1012 2668 aetatem
1039 2604 1209 2688 saeculum
1227 2603 1324 2671 XVI.
1345 2607 1405 2672 vel

363 2707 406 2774 ad
418 2729 590 2774 summum
602 2704 761 2773 inventae
774 2703 855 2770 ertio
868 2706 1130 2796 typographicae
1143 2718 1297 2806 tempora
1310 2707 1405 2776 haud
1455 2701 1457 2794 1

287 2809 289 2818 ’
311 2865 316 2871 .
364 2809 526 2872 excedere
538 2812 692 2872 observat
704 2807 747 2870 de
762 2807 891 2890 Wegn.
907 2807 928 2872 l.
944 2829 972 2872 c.
986 2829 1019 2896 p.
1033 2807 1150 2898 XIII.)
1174 2823 1207 2878 et
1218 2823 1301 2885 teste
1313 2811 1404 2876 For·
1456 2865 1457 2878 .

304 2971 307 2978 .
362 2908 447 2975 loria
466 2908 520 2994 (in
533 2905 676 2974 Kollerii
689 2939 732 2956 -
746 2907 912 3000 supplem·
925 2907 948 2973 1.
962 2908 991 2970 I.
1011 2931 1046 2996 p.
1063 2909 1154 2997 174.)
1173 2961 1195 2996 ,,
1206 2913 1289 2978 alter
1304 2913 1403 2979 alteri

362 3021 433 3078 tam
454 3009 570 3088 simIlir
589 3019 657 3092 est,
676 3028 779 3095 quam
803 3027 907 3073 ovum
924 3031 991 3074 ovo
1004 3020 1104 3096 atque
1125 3031 1169 3076 ex
1182 3014 1299 3094 eadem
1312 3017 1403 3082 acri·-

362 3123 442 3202 ptue
453 3135 558 3180 manu
570 3109 739 3178 videtur.“
771 3110 849 3178 Hoc
863 3131 947 3179 vero
962 3120 1130 3199 utcunque
1144 3127 1205 3197 eet,
1225 3114 1264 3182 in
1277 3137 1402 3204 magna

266 3237 269 3251 ·
362 3239 482 3284 eorum
509 3213 729 3282 similitudine
748 3212 799 3302 (v.
819 3235 846 3280 o.
868 3225 902 3282 et
921 3212 1003 3298 inf.)
1022 3213 1166 3282 dubitari
1184 3240 1255 3284 non
1278 3232 1401 3308 potest,

362 3319 444 3406 quin
466 3341 510 3383 ex
531 3339 600 3383 uno
622 3317 808 3403 eodemque
833 3313 927 3384 fonte
944 3316 1118 3387 fluxerint.
1160 3321 1264 3388 Hunc
1285 3336 1401 3388 autem

359 3420 491 3520 fontem
505 3420 654 3508 priorem
667 3416 739 3484 cod.
751 3418 850 3485 vatic.
863 3441 932 3486 esse
941 3431 975 3486 et
986 3443 1026 3486 eo
1039 3421 1212 3510 probabile
1224 3437 1283 3508 eet,
1306 3425 1402 3509 quod

363 3522 458 3610 prior
476 3521 534 3584 ille
553 3519 660 3586 codex
682 3519 817 3584 vindob.
825 3521 920 3584 'teste
937 3515 1154 3606 Gentilcttio,
1181 3546 1300 3590 caesar.
1319 3527 1401 3602 bibl.

363 3621 533 3709 quondam
552 3620 740 3711 praefecto,
772 3619 994 3707 abApostolo
1013 3623 1126 3707 Zeno,
1155 3611 1305 3710 vehem,
1327 3630 1400 3695 Ca-

362 3728 437 3794 1616
457 3727 514 3794 VI.
534 3725 730 3814 imperatori
747 3749 776 3789 a.
798 3729 891 3792 1725.
912 3723 1002 3792 dono
1024 3727 1152 3793 oblatus
1174 3723 1285 3796 estol.
1306 3729 1402 3794 Kol-

284 3861 286 3872 ν
361 3831 425 3896 lar.
446 3865 490 3880 --
509 3827 618 3918 suppl.
639 3843 674 3918 p'.
699 3829 769 3895 161.
790 3839 825 3893 et
842 3829 947 3915 megia
970 3828 1067 3894 etiarn
1089 3845 1229 3919 propter
1250 3845 1397 3918 textum,

359 3949 459 4018 quem
485 3931 654 3998 exhibent.
695 3934 748 3998 Ac
769 3928 918 4020 primum
938 3929 976 3996 in
997 3933 1152 3998 omnibus
1176 3935 1281 3999 tribus
1296 3935 1398 4002 codd.

272 4051 275 4064 ·
359 4023 401 4098 ad
416 4032 589 4098 Theodori
609 4035 721 4101 minus
735 4033 957 4102 orthodoxam
969 4029 1276 4125 ihterpratationem
1290 4034 1396 4119 Zach

359 4140 390 4222 1,
411 4137 492 4202 7-.-
507 4140 556 4207 11.
584 4136 701 4208 eedem
727 4138 794 4209 tria
813 4135 957 4240 scholia,
989 4139 1108 4227 quibua
1126 4140 1232 4206 lector
1253 4137 1395 4224 quidam
