2916 5230
1108 447 1156 525 6³

312 613 744 726 fferam
899 665 1147 697 ·

109 792 173 850 nr
191 779 429 846 ιιιιιοιιοιιι
447 785 769 847 meretricem.
787 769 1174 853 conurnrraus.
1200 755 1203 764 ’

119 931 123 938 “
214 913 354 998 Novum
375 917 652 1012 Testamentum,
672 920 767 1000 cuius
789 919 898 990 oratio
918 935 951 990 et
969 930 1149 996 resminus

108 1025 320 1096 difficultatis
335 1025 547 1106 exhiberent,
569 1026 676 1091 multo
691 1023 823 1092 felicius
835 1022 1035 1119 Theodorus
1049 1051 1150 1116 quam
1239 1085 1247 1108 ,v

107 1130 154 1197 V.
176 1131 418 1221 interpretatus
448 1139 507 1195 est.
550 1127 739 1211 Sobrietas,
767 1149 832 1216 qua
848 1129 950 1218 plura
969 1127 1011 1198 V.
1032 1131 1074 1198 T.
1095 1131 1151 1200 iu-

105 1237 297 1321 terpreturn
323 1242 511 1296 commenta
540 1229 587 1294 ita
607 1229 819 1317 reprobavit,
847 1240 887 1296 ut
914 1231 987 1298 laus
1008 1231 1040 1297 ei
1061 1232 1151 1300 lraud

106 1333 308 1422 deneganda
329 1334 389 1416 sit,
412 1355 520 1420 neque
542 1331 598 1396 hio
620 1329 726 1414 defuit
744 1345 778 1398 et
796 1354 959 1422 persaepe
978 1355 1058 1401 sane
1074 1351 1151 1402 ‘nou
1239 1327 1244 1350 '
1266 1399 1268 1408 .

105 1461 150 1503 ea
170 1435 309 1524 singulis
337 1436 374 1501 in
396 1432 476 1500 locis
497 1433 737 1524 deprehendit,
767 1429 852 1522 <fuae
874 1437 1018 1504 aliorum
1040 1439 1151 1504 inter-

104 1551 247 1628 pretum
275 1549 313 1603 ut
338 1536 460 1624 cyrilli
482 1535 584 1602 Alex.
606 1535 769 1602 subtilitas
787 1537 844 1602 vel
862 1537 966 1604 'etiam
988 1541 1154 1628 argutiae..

104 1644 287 1708 Praeterea
314 1639 351 1704 in
381 1638 634 1726 interpretando
664 1663 738 1704 eam
761 1639 963 1724 verborum,
995 1643 1149 1711 locorum
1175 1672 1177 1674 ·
1220 1670 1222 1676 ’

107 1753 145 1806 et
166 1747 282 1806 rerum
306 1740 557 1828 diligentissime
578 1741 744 1806 rationem
764 1739 900 1822 habuit,
923 1752 962 1806 ut
981 1741 1150 1833 interpre·
1212 1757 1215 1764 '

106 1843 274 1909 tationem
304 1841 497 1909 historicam
526 1843 795 1930 grammaticam,
836 1845 922 1929 quae'
950 1845 1087 1929 quidem
1110 1847 1149 1914 in
1232 1890 1240 1918 ,-

103 1947 166 2012 illa
186 1959 340 2036 tempora
358 1945 507 2031 caderet,
520 1944 640 2012 'iniisse
660 1943 846 2011 censendus
861 1945 913 2014 sit.
936 1948 1048 2014 'Bene
1064 1972 1148 2016 vero

103 2071 219 2115 more·
233 2069 295 2113 suo
322 2047 463 2136 singulis
494 2047 603 2114 verbis
629 2048 732 2114 etiam
753 2059 853 2132 atque
874 2048 975 2116 etiam
995 2051 1150 2138 inhaesit,

103 2173 187 2218 cum
206 2147 395 2217 uerendum
417 2159 531 2236 esset,
546 2173 591 2216 ne
616 2149 748 2216 sobrius
771 2151 829 2238 qui
849 2163 921 2218 erat
940 2153 986 2220 Ν.
1009 2154 1051 2221 Τ.
1071 2181 1150 2224 sen·
1232 2183 1238 2194 ·
1321 2245 1325 2256 .

102 2277 162 2321 sus
203 2253 408 2340 dogmaticos
447 2253 620 2342 explicatu
655 2251 818 2344 difficiles
844 2253 957 2320 minus
992 2259 1148 2346 aperiret.

103 2357 323 2444 Quamquam
350 2379 428 2422 eum
447 2355 603 2444 inprimis
625 2377 704 2419 cum
725 2353 890 2441 paullinas
911 2358 1065 2444 epistolas
1084 2384 1149 2428 ex-

101 2460 247 2550 plicaret
267 2455 378 2522 inhis
399 2455 488 2521 haud
509 2473 588 2520 raro
609 2477 761 2546 peccasse
782 2467 816 2522 et
831 2457 1072 2548 chrysostomo
1088 2465 1148 2532 in·
1209 2531 1211 2536 .

102 2561 267 2630 seriorem
294 2555 398 2624 fuisse
426 2557 593 2635 existimo.
636 2560 760 2646 Neque
786 2561 878 2630 enim
900 2587 940 2630 eo
964 2579 1033 2632 erat
1049 2568 1148 2653 inge-

102 2665 182 2746 nio,
204 2685 271 2749 quo
293 2659 485 2727 reconditos
504 2661 535 2726 d.
558 2661 654 2728 Pauli
675 2673 787 2728 motus
807 2675 976 2752 etsensus
991 2621 1172 2754 assequar-¹

100 2770 161 2837 ris.
204 2765 319 2833 Verbo
346 2773 385 2830 ut
408 2754 535 2843 dicam,
565 2762 823 2850 chrysostomus
850 2765 1053 2858 theologicus
1074 2781 1148 2840 erat
1239 2815 1241 2820 ,
1286 2749 1288 2758 ’

100 2871 288 2958 interpres,
308 2862 507 2932 Theodorus
522 2865 771 2952 grammaticus.

188 2977 407 3082 'Theodorus
436 2993 550 3048 autem
573 3003 656 3048 cum
679 3005 751 3050 non
772 2994 883 3052 totum
904 2985 952 3056 N.
970 2987 1014 3058 Τ.
1034 2992 1147 3082 expli-

102 3069 251 3169 cavebit,
272 3085 385 3154 minus
406 3097 557 3153 accurate
577 3085 806 3150 Nestoriani
795 3108 832 3150 ιιι
855 3087 1053 3160 universum
1074 3099 1145 3162 eius

752 3197 792 3231 Μ
829 3197 847 3228 b

103 3229 350 3322 expositionem
384 3231 430 3296 N.
448 3232 506 3299 Τ.
544 3177 688 3335 (1in
737 3202 904 3334 inem)
951 3233 1147 3324 {sequemet
1233 3269 1238 3275 Ι
1291 3228 1293 3236 ,

102 3371 216 3458 legere
235 3369 397 3436 iubentur
426 3363 467 3436 ci.
490 3364 623 3434 Assem.
651 3365 674 3432 l.
694 3365 717 3434 l.
738 3365 805 3445 III
822 3367 849 3434 Ι.
872 3391 908 3460 p.
898 3366 999 3438 3.42.

209 3587 254 3664 A.
306 3588 649 3662 Oommentarz'i
679 3589 728 3659 in
761 3591 1043 3690 Evangelia.

206 3732 426 3800 Theodorum
459 3731 633 3818 evangelia
670 3731 902 3817 Matthaei,
939 3735 1082 3807 Lucae
1110 3751 1143 3806 at

104 3835 309 3903 lobannis
337 3837 598 3925 interpretatum
626 3857 696 3902 esse
723 3847 851 3899 certum
873 3843 930 3900 est.
971 3837 1149 3906 Memorat
1203 3841 1206 3856 '

105 3939 176 4004 eins
199 3939 458 4022 „enarrationes
479 3937 626 4005 turbidae
654 3947 686 4001 et
707 3933 946 4023 blasphemas
931 3961 971 4006 ιιι
993 3964 1141 4031 evange-

103 4040 187 4106 lium
214 4037 354 4121 Matth,
383 4043 503 4109 Ioann.
526 4053 559 4108 et
585 4043 669 4108 Luc
672 4037 694 4076 “
717 4038 836 4104 Leoni
859 4037 882 4104 Ι.
893 4061 932 4116 ..c
954 4065 988 4132 p.
1012 4049 1084 4111 690.
1108 4059 1141 4112 et

103 4141 310 4270 Ebediesul.
332 4164 360 4208 c.
381 4164 415 4232 p.
407 4147 481 4210 ..32
501 4143 622 4232 refert,
644 4167 724 4214 eum
739 4129 1033 4214 Matthaenmun'o
1047 4158 1138 4215 torno
