2916 5230
211 679 215 694 ¹
275 707 277 724 ι
331 664 398 738 nse
417 663 604 734 blanditum
625 661 727 730 fuisse
745 661 918 754 ,professus
939 676 1007 748 est,
1027 663 1117 754 quod
1134 643 1370 742 Theodoretus

256 820 259 830 ,
330 773 390 860 (ef.
410 791 560 862 prooem.
580 769 617 834 in
639 769 675 836 Ο.
698 767 739 834 (i.
752 768 795 836 ΙΙ.
816 791 849 858 p.
864 775 896 838 2.
913 769 957 858 3.)
978 771 1226 860 reprehendens
1239 793 1370 838 nomen

330 875 467 963 quidem
487 873 639 938 eiusdem
661 871 836 938 Theodori
859 873 1058 964 supprimit,
1089 873 1146 939 sed
1169 886 1283 967 tamen
1302 895 1370 942 ve·

329 979 457 1045 soniam
478 975 676 1064 patefecit.“
698 987 731 1041 et
752 975 979 1066 Pachymerae
1002 978 1037 1042 in
1056 977 1213 1066 paraphr.
1235 999 1287 1064 ep.
1302 975 1368 1042 IX.

327 1083 469 1170 Dionys.
483 1079 610 1168 Areop.
634 1077 776 1168 (0p..1).
791 1079 834 1146 A.
849 1081 900 1148 ed.
914 1080 1022 1153 Balth.
1042 1079 1179 1145 Gorder.
1195 1079 1238 1147 Ii.
1259 1079 1366 1146 Antv.

329 1182 425 1253 1634.
446 1185 482 1252 F.
506 1205 538 1272 p.
563 1184 652 1267 169.)
681 1220 757 1264 „-
778 1183 818 1247 δι’
842 1179 864 1248 ἃ
891 1183 1077 1270 (φιλήματα)
1101 1179 1136 1262 dri
1155 1190 1206 1250 uui
1228 1179 1248 1248 ὅ
1268 1183 1366 1269 Morp-

326 1293 419 1358 Θιοὸ.
445 1283 591 1370 α’φρόνως
608 1278 645 1351 sd
664 1289 786 1368 βιβλίον
807 1290 977 1370 διέβαλλι.“
1008 1287 1183 1352 obversata
1203 1283 1306 1350 fuisse
1328 1284 1363 1348 in
1404 1355 1408 1368 ¹

325 1403 441 1481 aperto
471 1402 531 1454 est.
575 1385 753 1452 Canticum
784 1389 880 1456 Cant.
909 1401 1040 1469 eutem,
1069 1387 1159 1474 quod
1182 1390 1282 1478 plane
1301 1377 1366 1452 de-

323 1495 435 1586 spexit
456 1488 656 1558 Theodorus
685 1491 822 1558 uberius
844 1495 905 1560 vix
925 1491 1135 1582 explicuerit.
1180 1488 1307 1576 Quid
1296 1488 1365 1575 sgi-

322 1599 402 1668 tur?
432 1593 514 1664 Mes
543 1591 678 1679 quidem
712 1595 876 1662 sententie
902 1595 996 1662 illa·
986 1619 1022 1661 ιιι
1050 1577 1197 1684 epistola
1218 1593 1364 1680 quadam

289 1703 291 1715 ⁴
322 1703 371 1786 (v.
393 1698 474 1787 int)
496 1695 661 1764 disseruit.
704 1697 862 1764 Ceterum
886 1698 929 1764 de
951 1697 1089 1766 Cantico
1111 1697 1205 1764 Cant.
1226 1697 1273 1764 its
1289 1707 1364 1762 sta-

320 1803 397 1870 tuit.
439 1802 526 1868 Cum
548 1799 701 1880 Salomo,
716 1823 824 1886 ,quem
845 1813 987 1890 propter
1005 1801 1201 1890 sapientiam
1222 1801 1361 1888 gentiles

320 1917 355 1974 ot
383 1904 498 1970 Iudaei
526 1902 767 1990 praedicebant
785 1903 819 1970 et
846 1927 930 1970 vero
953 1904 1053 1972 etism
1075 1903 1256 1989 timebant,
1273 1904 1362 1998 ¹Ae-

318 2007 471 2099 gyptiam
491 2004 686 2094 fugiendam
713 2005 850 2093 quidem
876 2008 950 2098 ipso
971 2006 1082 2095 patrio
1103 2007 1218 2073 colore
1241 2005 1361 2072 defor-

318 2113 387 2192 mi,
418 2109 522 2192 megis
551 2131 633 2174 vero
663 2107 858 2196 fugiendam
878 2123 994 2202 utpote
1014 2133 1136 2196 genere
1158 2111 1279 2180 Chami
1299 2133 1360 2176 or-

317 2211 446 2280 tamin
470 2209 723 2276 matrimonium
745 2212 898 2294 duceret,
928 2213 1133 2280 Iudaeorum
1157 2215 1273 2280 odium
1292 2213 1359 2281 sibi
1418 2239 1419 2246 ¹

315 2315 499 2394 contraxit,
521 2314 633 2400 legum
653 2313 838 2403 patriarum
852 2323 1048 2382 contemtor.
1088 2315 1205 2400 Itaque
1219 2337 1360 2382 carmen

316 2419 483 2498 condidit,
514 2437 581 2500 quo
607 2426 640 2480 et
668 2416 769 2483 uxori
795 2416 921 2520 gratior
948 2431 1033 2484 esset
1052 2428 1085 2482 et
1109 2417 1356 2516 vituperatores

133 2497 137 2504 ¹
203 2535 208 2545 '
314 2523 355 2590 ad
389 2519 559 2586 silentium
588 2518 771 2603 redigeret,
801 2536 901 2606 atque
921 2518 1082 2587 indicavit
1103 2545 1138 2587 se
1159 2519 1355 2608 nuptiarum

243 2618 255 2716 ἰ
278 2639 292 2658 ·‘
312 2649 384 2692 non
405 2622 596 2713 poenitere,
618 2621 674 2686 sed
697 2623 823 2688 laeteri.
864 2622 952 2689 Sunt
973 2634 1086 2688 eutem
1108 2623 1176 2689 duo
1197 2623 1353 2709 tenenda,

258 2735 260 2740 '
311 2749 438 2810 unum,
467 2749 602 2801 carmen
629 2750 698 2791 non
728 2729 768 2792 ad
799 2725 1049 2815 impudicitiam,
1073 2725 1260 2808 adhortari,
1291 2749 1352 2794 cur

312 2830 403 2898 enim
425 2827 558 2892 Salonio
565 2874 575 2906 ,
600 2832 652 2892 oui
673 2831 802 2894 etiamsi
825 2853 895 2896 non
915 2829 1098 2917 scripsisset
1116 2842 1263 2918 potestas
1283 2831 1351 2896 im-

308 2929 491 3018 pudicitiae
518 2940 606 3010 erat,
638 2952 775 2996 carmen
803 2931 879 2997 ideo
901 2923 1161 3018 composuisset?
1193 2935 1349 3018 alterum,

308 3055 380 3100 non
413 3030 620 3098 laudandum
653 3019 722 3098 esse
754 3044 872 3122 utpote
902 3032 1156 3121 propheticum,
1201 3037 1292 3122 quod
1319 3038 1348 3104 si

308 3146 410 3220 esset,
446 3135 575 3202 mentio
612 3135 676 3204 dei>
698 3133 822 3204 alicubi
854 3135 943 3204 facts
976 3146 1069 3202 esset.
1128 3135 1225 3205 Sicut
1251 3139 1347 3206 Plato

236 3231 241 3237 ¹
269 3287 271 3293 .
304 3227 433 3329 p'ostea
427 3238 487 3304 de
505 3263 621 3308 amore
639 3240 834 3308 convivium
855 3238 1004 3328 scripsit,
1030 3239 1078 3306 its
1102 3239 1240 3310 Salomo
1262 3263 1347 3330 pro·

204 3369 230 3422 ῃ
305 3354 381 3430 pter
417 3341 550 3430 nuptias
585 3342 661 3410 illas
695 3345 761 3410 hoo
798 3345 966 3412 canticum
1005 3343 1182 3424 convivale
1215 3343 1344 3412 cecinit.
1447 3405 1448 3414 ,

220 3531 224 3540 .
305 3443 440 3529 „Unde
467 3468 529 3512 uec
555 3446 686 3514 Iudaeis
710 3469 774 3512 neo
803 3448 900 3514 nobis
920 3447 1054 3533 publica
1076 3447 1173 3513 lectio
1191 3467 1345 3532 unquam

305 3545 425 3612 cantici
449 3549 655 3615 canticorum
684 3546 771 3613 iacta
794 3559 862 3630 est,
895 3560 1065 3634 tamquam
1087 3547 1287 3614 domesticus
1308 3563 1343 3617 et
1417 3628 1422 3639 Ι

303 3647 462 3736 nuptialis
488 3647 677 3719 Salomonis
698 3647 865 3718 conviviis
893 3659 1009 3716 cantus
1030 3650 1225 3776 opprobria
1233 3673 1341 3743 spou-
1446 3743 1447 3756 ἵ

303 3775 360 3818 ιιι
379 3755 561 3822 sonans.“
