2938 5240
326 449 373 518 sa

201 631 204 642 ’
289 683 300 698 ·
325 639 441 711 reiecit
452 635 486 728 ¹)
513 636 666 728 ideoque
685 665 755 715 non
783 645 994 738 mirandum,
1038 657 1130 742 quod
1156 659 1368 750 singulorum

324 748 378 814 Ps.
396 744 563 821 ὑποθέσεις
583 767 674 814 nova
702 759 737 820 et
764 767 849 837 quae
875 754 912 822 in
934 758 1048 824 multis
1076 783 1097 826 a
1118 764 1286 850 prioribus
1308 772 1368 840 in-

324 850 524 939 terpretibus
541 849 716 918 resederet
736 853 866 928 ratione
886 860 1065 928 constituit.
1108 866 1163 931 Ac
1181 883 1270 937 recte
1286 877 1369 962 qui-

256 1029 258 1034 ,
324 953 402 1020 dem
428 949 613 1022 secundum
648 951 870 1025 Theodorum
903 961 1050 1031 Psalmos
1078 953 1219 1056 propter
1246 999 1367 1046 eorum

322 1067 558 1142 argumentum
577 1053 615 1120 in
634 1068 795 1142 quattuor*
813 1082 935 1147 genera
949 1066 1134 1154 distribuas.
1178 1073 1273 1148 Alios
1294 1080 1368 1146 hi-

322 1157 510 1225 storicos
530 1156 699 1258 appellare
720 1162 1013 1251 plecet‚,quorum
1031 1172 1192 1242 nimirum
1211 1201 1309 1246 causa
1326 1207 1366 1250 ac

320 1263 409 1330 ratio
435 1261 473 1328 in
510 1258 590 1348 ipsis
626 1261 726 1330 rebus
753 1261 897 1332 Davidis
925 1275 1272 1362 populique-‘hebraei
1297 1285 1366 1353 sita

319 1377 402 1431 erat.
448 1362 525 1428 Huc
545 1360 714 1430 referendi
734 1378 813 1432 sunt
835 1369 887 1436 Ps.
901 1377 1039 1459 ntea,
1068 1380 1186 1466 quibus
1208 1383 1296 1452 Dav,
1320 1390 1365 1454 ad

321 1468 423 1534 deum
443 1486 558 1554 preces
580 1465 687 1550 fudit,
716 1491 794 1536 cum
817 1472 858 1537 ab
875 1473 1057 1544 Absalomo
1077 1499 1288 1570 premeretur
1312 1490 1364 1575 (v.
1447 1527 1448 1578 p

246 1663 251 1668 ν
317 1578 396 1640 Act.
420 1571 523 1660 Qonc.
546 1569 657 1672 Const.
670 1571 717 1638 II.
738 1573 797 1641 IV.
816 1581 868 1644 22.
888 1583 940 1644 28.
963 1581 1062 1651 Cord.
1086 1585 1155 1652 Cat.
1172 1589 1214 1655 ΙΙ.
1235 1614 1267 1680 p.
1283 1593 1363 1660 422.
1447 1583 1448 1594 ἵ

316 1673 427 1760 teta,
447 1675 500 1740 Ps.
515 1673 584 1759 71„
606 1696 673 1762 quo
695 1674 757 1740 sibi
776 1699 814 1742 ac
833 1685 1016 1750 successori
1036 1685 1234 1776 sapientiam
1255 1717 1274 1762 e
1296 1697 1361 1764 deo

317 1776 459 1868 expetiit
480 1773 530 1862 (v.
551 1777 574 1842 l.
596 1777 617 1842 l.
641 1801 673 1864 p.
690 1779 800 1865 too),
823 1783 874 1848 Ps.
892 1789 960 1866 67„
991 1794 1249 1876 quem-cecinit,
1281 1820 1362 1865 cum

206 1909 212 1935 ι
317 1903 429 1948 arcam
452 1877 596 1942 foederis
626 1879 667 1942 ad
689 1903 724 1944 se
746 1882 925 1950 adduceret
946 1887 993 1971 (v.
1015 1890 1037 1954 1.
1057 1891 1081 1960 l.
1107 1916 1143 1976 p.
1163 1895 1271 1983 336),
1304 1903 1361 1971 Po.

314 1988 347 2050 9.
370 1981 440 2062 15..
462 1981 581 2066 quibus
598 1981 717 2068 populi
735 2006 878 2071 persona
892 1988 956 2052 sibi
972 1997 1219 2082 accommodata
1235 2003 1361 2086 gratias
1447 1963 1448 2016 i

295 2087 384 2172 ,agit
395 2086 440 2150 de
451 2083 598 2149 hostibus
614 2084 767 2150 finitimis
791 2111 811 2154 u
828 2089 889 2157 deo
910 2093 1037 2178 punitis
1059 2097 1105 2184 (v.
1120 2098 1141 2164 l.
1155 2100 1176 2166 l.
1189 2102 1215 2166 I.
1231 2127 1265 2192 p.
1281 2111 1361 2173 272,

194 2189 196 2196 ’
247 2233 250 2242 .
312 2185 805 2278 Acte.cpnst.11.1v.21.).
839 2192 951 2260 Maior
968 2209 1018 2260 est
1031 2205 1360 2274 numerusPsalmo-

242 2373 246 2386 ι
313 2313 392 2357 runo
414 2287 795 2378 propheticorum,
823 2292 943 2378 quibus
966 2318 1023 2360 eos
1045 2299 1149 2366 velim
1173 2295 1358 2395 intelligas,

210 2461 211 2464 ,
311 2394 371 2481 qui
392 2391 502 2468 fausta
519 2391 682 2458 nonnulis
704 2403 736 2458 et
759 2393 922 2480 infausta,
952 2419 1036 2482 quae
1056 2405 1184 2491 populo
1207 2407 1354 2478 hebraeo

311 2493 480 2584 usquead
507 2504 659 2582 tempora
681 2497 1140 2588 maccabaicaebtingerent,
1166 2513 1355 2596 portende·
1447 2543 1448 2574 t

309 2596 402 2668 runt.
443 2595 586 2684 Diversa
599 2611 710 2663 tamen
725 2594 819 2664 ratio'
832 2611 880 2664 est
895 2605 1135 2692 prophetarum
1153 2605 1187 2674 et
1202 2610 1353 2686 Davidis.
1447 2659 1448 2670 .

167 2699 173 2706 ’
288 2731 291 2738 ·
310 2703 366 2770 Illi
388 2701 478 2769 enim
500 2699 577 2766 satis
596 2701 770 2788 perspicue
791 2725 844 2768 res
865 2702 995 2770 futuras
1015 2711 1188 2795 nuntiant,
1211 2713 1265 2779 hic
1279 2715 1352 2784 fere
1447 2739 1448 2754 ¹

311 2805 460 2874 derebus
471 2813 587 2890 utpote
602 2801 697 2868 factis
708 2805 867 2890 quuitur.
886 2806 951 2874 Sed
959 2809 1023 2876 hcc
1035 2803 1350 2906 Theodoro‘parum

259 3005 269 3016 .
311 2989 514 3006 m

1285 2944 1351 2988 ne·
1447 2947 1448 3002 }

413 3101 524 3162 cossa.
546 3104 693 3181 suescat..
716 3105 748 3164 a.
765 3126 820 3180 quo
837 3108 906 3164 surra
923 3107 1049 3182 proruo.
1067 3111 1199 3182 oramus,
1225 3097 1349 3176 crat...
1447 3157 1448 3172 .

411 3213 471 3248 nor.
497 3192 588 3265 opinio
606 3192 638 3246 de
655 3193 757 3248 mundo
775 3194 794 3246 Ι.
807 3194 840 3248 V.
862 3195 985 3250 Gattand.
1002 3197 1068 3250 bibl.
1088 3210 1156 3270 patr.
1174 3201 1223 3256 xl.
1239 3225 1267 3278 p.
1279 3207 1346 3262 482.

411 3279 475 3338 483.
500 3279 609 3332 eandem
635 3279 790 3332 senteutiam
814 3281 964 3336 accuratius
990 3287 1118 3358 exposuit.
1154 3287 1230 3356 Quae
1244 3287 1290 3346 bio
1306 3309 1346 3346 ca·

409 3365 471 3418 dem
489 3362 663 3416 Theodorum
684 3365 803 3418 statuisse
826 3366 951 3449 epistima.
1109 3367 1116 3380 ‘

359 3496 386 3564 1)
401 3494 494 3546 Leont.
513 3492 532 3546 l.
551 3511 575 3545 c.
593 3513 622 3564 p·
641 3497 719 3549 682:
736 3494 949 3566 „Inscriptiones
963 3487 1126 3566 bym‘norum
1139 3509 1164 3551 et
1177 3501 1344 3571 psalmorum

356 3601 374 3648 ,ι
409 3587 435 3630 et
453 3576 618 3631 canticorum
637 3578 743 3650 penitus
761 3579 861 3639 eiecit,“
878 3579 968 3632 Recte.
1003 3579 1059 3632 Neo
1076 3599 1195 3651 unquam
1211 3584 1283 3638 eninr
1301 3589 1343 3641 in-

408 3661 587 3734 scriptionum
611 3660 640 3715 in
667 3661 819 3736 fragmentis
843 3661 972 3714 rationem
996 3661 1088 3717 habuit
1110 3683 1141 3720 ac
1164 3687 1197 3720 ne
1212 3671 1342 3740 potuisset

407 3749 516 3822 quidem
533 3749 565 3801 de
583 3747 873 3822 singulisquibusdam
892 3742 936 3802 Psi
958 3745 992 3810 ita
1010 3759 1040 3802 ut
1056 3729 1146 3803 metuit
1162 3763 1290 3818 statuere,
1316 3758 1339 3810 si

404 3835 591 3908 inscriptiones
613 3835 738 3905 genuinas
762 3834 781 3889 i.
796 3821 829 3889 ¹'e.
853 3833 904 3888 fide
923 3832 1013 3904 dignas
1036 3833 1179 3890 habuisset.
1222 3827 1275 3894 Eat
1293 3841 1338 3910 igi·

406 3929 452 3972 tur
474 3930 535 3990 post
558 3921 670 3986 adiectas
689 3938 743 3974 esse
761 3918 878 3981 censuit,
904 3939 971 3990 quae
990 3929 1093 3974 tanturn
1109 3940 1164 3974 non
1181 3942 1273 3976 omnes
1288 3943 1339 3976 nu·

405 4023 450 4076 gas
469 3991 602 4058 asierrent.
638 4004 835 4067 Theodoretns‚
851 4003 900 4080 qui
916 4003 1021 4074 saepius
1039 4002 1210 4062 Theodorum
1227 4007 1336 4062 nornine
1447 4001 1448 4030 i

329 4081 335 4094 ⁸
404 4089 462 4142 eius
477 4105 532 4140 non
548 4087 636 4140 addito
655 4087 871 4162 impugnavitof.
887 4107 912 4142 r.
929 4106 953 4143 c.
971 4089 999 4141 in
1016 4088 1060 4142 Ps.
1075 4091 1098 4146 1.
1122 4111 1150 4162 p.
1171 4091 1231 4146 603.
1249 4094 1335 4156 1123..

404 4192 462 4230 mea
478 4173 606 4232 sententia
621 4173 700 4242 etiam
717 4195 745 4258 p.
764 4175 826 4233 605.
840 4173 902 4232 606.
920 4172 953 4231 ad
968 4171 1141 4272 'l'hccdccum
1157 4175 1280 4248 respexit.
