2916 5230
1040 459 1112 530 1⁰1·

65 664 244 732 pugnasse.
285 644 406 712 Leont.
427 641 577 708 desectis
592 640 651 709 lv.
672 641 776 730 (Gall.
793 642 872 711 bibl.
883 645 905 711 l.
918 669 947 716 c.
966 668 1000 736 p.
1015 630 1108 732 686.)

64 781 108 794 -
123 748 241 822 ὀἵτινες
262 749 363 830 (deod.
380 760 411 815 a.
433 750 544 826 Θωδ.)
565 743 809 830 ἀντηγωνίσαντο
827 744 909 837 πρὸς
926 745 1103 838 nonanta

63 853 117 915 καὶ
146 854 398 956 Μακεδόνιιον
426 855 479 915 καὶ
495 847 712 944 ᾍπολινᾰριον
732 885 794 918 -.

59 1073 105 1144 D.
149 1081 220 1150 De
246 1075 539 1172 Apolinario
565 1089 610 1146 et
634 1053 733 1152 aiios
757 1077 948 1150 haeresi
971 1035 1098 1149 lider.

164 1243 201 1308 Si
229 1264 312 1308 vera
340 1255 439 1325 suut,
469 1263 553 1328 quae
567 1241 622 1316 ,de
640 1242 735 1309 libris
756 1243 823 1310 illis
843 1242 1018 1310 Theodori
1036 1242 1100 1309 ad·

58 1367 177 1412 versus
201 1346 439 1433 Apoliuarium
456 1368 570 1435 ‘supra
599 1345 671 1410 dixi
699 1367 733 1432 p.
750 1349 821 1427 91.‚
855 1345 1001 1409 dubitari
1027 1368 1099 1410 non

6 1471 7 1474 ¹
59 1463 185 1535 potest,
217 1449 298 1531 quin
319 1449 422 1531 liber,
442 1450 501 1536 qui
520 1449 679 1514 Facundo
705 1454 758 1531 to,
784 1455 812 1514 1.
836 1447 910 1531 „de
927 1445 1099 1534 Apolina-

57 1551 166 1616 rioet
189 1551 259 1615 eius
281 1553 439 1618 haeresi“
450 1553 497 1635 ¹),
518 1551 685 1616 Ebediesn
705 1548 729 1614 l.
750 1550 773 1612 l.
795 1572 829 1637 p.
842 1549 893 1614 35.
915 1549 987 1631 „de
1009 1571 1099 1614 assu-

55 1665 171 1718 mente
201 1664 244 1718 et·
260 1655 436 1725 assumto“
466 1653 589 1720 dicitur
614 1675 701 1718 unus
728 1651 884 1734 idemque
911 1652 963 1718 sit.
1005 1651 1099 1715 Nam

56 1753 102 1821 de·
125 1769 318 1822 assumente
355 1769 389 1822 et
416 1769 562 1822 assumto
592 1753 791 1822 Theodorus
817 1752 955 1818 nonnisi
979 1751 1100 1815 contra

54 1861 295 1948 Apolinarium
318 1861 461 1925 scribere
482 1859 595 1947 potuit
615 1879 726 1944 neque
740 1880 836 1922 causa
854 1868 920 1939 cst,
944 1853 1098 1941 curplu-
1128 1877 1135 1882 ’

52 1985 105 2026 res
129 1987 206 2049 eum
221 1983 330 2048 ‚qnam
353 1962 436 2027 duos
455 1962 558 2027 libros
574 1961 752 2026 adversum
767 1956 1009 2048 Apolinarium
1022 1955 1098 2022 edi-

6 2105 9 2120 .
53 2065 141 2128 disse
173 2081 305 2130 statuas.
349 2065 452 2130 Haud
487 2075 565 2129 r'aro
595 2076 707 2130 autem
735 2063 857 2128 iisdem
882 2061 977 2126 libris
1006 2056 1116 2123 varii-

51 2169 141 2231 tituli
164 2169 402 2232 tribuebantur.
428 2153 599 2232 ,Fortasse
614 2167 814 2232 Nestoriani
836 2165 939 2243 libro,
961 2183 1028 2246 quo
1052 2159 1095 2223 de

11 2299 13 2304 ·
52 2281 240 2334 assumente
265 2282 296 2334 et
318 2281 463 2332 assumto
487 2281 638 2334 accurate
660 2269 901 2347 edocebantur,
923 2265 1016 2328 illam
1037 2262 1095 2325 in·

51 2373 267 2459 scriptionem
286 2371 402 2434 indere
421 2374 629 2447 maluerunt,
656 2389 758 2450 quam
779 2369 877 2432 titulo
900 2360 1095 2451 Apolinarii

50 2475 249 2542 memoriam
278 2471 436 2536 recolere.
480 2461 598 2536 Unum
629 2471 728 2553 quod
746 2465 896 2559 superest
917 2468 1093 2552 fragmen-

51 2590 123 2640 tum
156 2597 199 2638 ex
226 2574 304 2637 libri
333 2573 498 2662 principio
528 2575 718 2640 desumtum
744 2575 881 2639 exhibet
909 2573 987 2636 Fac.
1010 2569 1033 2632 l.
1055 2566 1091 2649 l.,

50 2700 93 2742 ex
115 2701 182 2766 quo
202 2699 278 2742 eum
299 2676 436 2762 triginta
457 2679 552 2743 annis
573 2676 650 2765 post
671 2678 773 2741 libros
795 2676 836 2739 de
857 2675 984 2753 incarn.
1007 2668 1093 2734 scri-

49 2793 147 2866 ptum
162 2801 231 2844 esse
247 2779 464 2866 cognoscitur.
509 2761 635 2845 Narrat
649 2801 729 2842 vero
743 2774 960 2858 Thiodorus,
983 2772 1092 2861 Apol·
1206 2849 1222 2866 ἢ

50 2872 408 2966 1ἰηαῑίεῐεε,’ᾳυοτυω
436 2884 544 2948 nullus
574 2881 702 2969 scriptis
731 2893 902 2948 certamen
923 2876 1091 2964 suscipere
1133 2917 1134 2922 κ
1191 2941 1193 2950 ,

52 3006 148 3048 ausus
170 2993 269 3066 esset,
290 2981 443 3050 infirmos
466 2987 605 3066 athletas
627 2975 867 3066 imitatos-csse
889 2996 922 3048 et
939 2979 1088 3062 callidos,

52 3088 107 3173 qui
129 3086 306 3170 fortiores,
337 3103 455 3154 contra
484 3111 566 3174 quos
590 3101 715 3152 certare
733 3110 804 3150 uon
824 3094 979 3170 possent,
1006 3079 1089 3143 insi-

52 3189 111 3254 diis
134 3201 167 3253 et
192 3189 464 3258 machinamentis
487 3204 636 3256 evertere
658 3198 870 3252 conarentur.
914 3181 1089 3270 Scripsisse

52 3315 106 3358 eos
129 3294 218 3358 inter
241 3315 276 3358 se
298 3295 416 3380 procul
438 3293 539 3358 dubio
564 3291 724 3379 quaedam
746 3289 875 3374 inepta,
899 3304 1088 3370 quaenun-

51 3413 150 3476 quam
185 3393 323 3460 dixisset
356 3417 387 3462 v.
415 3419 443 3460 c.
473 3386 566 3482 duod
596 3404 747 3482 oporteat
775 3404 893 3478 putare
920 3400 953 3452 et
980 3385 1089 3450 dicere

51 3496 131 3572 duos
153 3499 258 3581 lilios,
291 3500 441 3584 quamvis
468 3499 505 3565 in
531 3499 624 3566 libris
653 3497 694 3563 de
714 3495 841 3561 incarn.
862 3492 985 3580 ubique
1006 3511 1105 3555 con-⁸

56 3651 257 3672 ᾐ--Ἧ

75 3737 79 3745 =
152 3765 190 3820 ris
211 3765 229 3818 l·
246 3784 270 3818 a·
294 3765 360 3824 881.
376 3767 524 3821 absolutam
547 3764 637 3818 tuisse.
671 3763 793 3817 Fortasse
816 3762 1002 3834 postulantum
1018 3755 1085 3807 Gre·
1116 3763 1121 3780 t

69 3899 72 3905 .
151 3850 242 3920 gorius
268 3869 330 3904 eum
353 3851 463 3906 absolvit
486 3861 513 3905 et
534 3849 565 3903 iu
587 3850 675 3902 lucem
698 3847 785 3900 edidit.
825 3846 947 3926 Alterum
970 3836 1093 3928 scripsit,-

153 3953 216 3990 cum
239 3935 388 3992 Eunomius
413 3939 501 3994 denuo
519 3955 595 3992 suam
613 3934 768 3988 sententiam
784 3936 987 4004 propugnasset.

100 4035 131 4106 1)
149 4034 221 4087 Male
245 4033 400 4106 Tillempnt.
425 4038 443 4092 1.
458 4038 480 4108 ,1.
499 4058 527 4110 p.
545 4033 623 4092 446st
648 4031 747 4094 „C‘est
768 4051 828 4086 sans
846 4031 926 4086 doute
945 4030 1080 4094 l'ouvra'ge
1186 4011 1209 4082 ,Α

151 4130 243 4173 contre
267 4119 432 4193 Apollinaire
454 4123 519 4176 dont
543 4141 579 4178 on
602 4118 677 4196 parle
700 4137 771 4176 assez
794 4121 948 4178 sorrentu·
962 4114 1028 4168 dont
1044 4125 1080 4161 on

152 4201 277 4268 uitales
295 4205 537 4285 etlelalirrer‘¹
650 4271 657 4278 ⁸
