2916 5230
928 403 931 412 ¹
1012 427 1028 464 x

439 585 472 672 l,
510 579 547 651 ὃν·
592 575 727 668 ἀρχηγὸν
746 578 890 646 πάντων
924 577 1056 664 εἰσάγει,
1096 571 1134 644 ὃν
1167 574 1243 644 ’καὶ
1288 577 1393 660 τύχην

234 677 238 692 ’
312 687 461 772 καλεῖθ’
517 691 570 757 καὶ
618 681 666 754 ὅτι
707 681 877 762 asellus„
912 682 965 748 ‘ire
1008 684 1079 772 τέκῃ
1122 672 1183 748 τᾶν
1235 677 1393 764 ‘Oppig-

234 892 238 916 ἶ
321 876 523 902 Μ

418 997 533 1069 figurate
551 991 637 1052 salus,
661 985 788 1041 Tesclstre
813 983 888 1039 stella
912 1005 936 1038 v.
954 985 1075 1044 Kleulrer
1091 983 1165 1040 Zend
1176 983 1316 1037 -Asesta
1336 981 1390 1035 ΙΙΙ.

421 1103 448 1154 p.
467 1080 558 1149 etet
581 1073 759 1147 Ζωροάστρης
784 1070 1047 1134 dissimilitudoest,
1071 1079 1102 1122 ut
1122 1068 1169 1142 qui
1195 1067 1260 1122 hoc
1283 1087 1318 1120 ex
1341 1067 1393 1118 illo

424 1153 515 1220 onum
532 1162 569 1215 sit
587 1179 643 1214 uon
663 1153 833 1232 perspiciam.
873 1156 948 1226 Quid
967 1175 1029 1216 vero
1049 1157 1072 1208 si
1091 1153 1195 1208 Graeci
1222 1152 1390 1216 barbarmm
1453 1153 1454 1156 ’

420 1247 489 1304 illud
511 1262 609 1298 nomen
629 1243 666 1295 ita
685 1249 838 1301 mutarunt,
864 1250 895 1294 ut
914 1259 1005 1311 graece
1027 1241 1127 1325 lactum
1149 1257 1257 1310 graeca
1284 1247 1392 1309 elymo-

322 1331 328 1350 ⁸
420 1333 491 1404 logia
514 1327 558 1381 hic
583 1324 772 1396 quidemsatis
791 1333 851 1396 apta
869 1323 978 1393 (ζωρόσ,
999 1323 1097 1396 ἀστήρ)
1114 1324 1285 1376 niteretur?
1314 1322 1391 1375 Non·
1453 1341 1454 1396 t

421 1415 490 1471 nihil
509 1401 745 1468 commendationis
759 1406 823 1461 huic
840 1409 981 1461 sententiae
997 1427 1028 1460 eo
1045 1407 1160 1470 accedit,
1178 1405 1269 1480 quod
1284 1417 1390 1482 veteres

421 1495 518 1556 Graeci
532 1494 594 1547 satie
608 1501 758 1548 constanter
771 1503 900 1564 usurpant
913 1493 1022 1546 nomina
1035 1491 1239 1563 Ζωροάστρης,
1264 1491 1391 1566 Ζωροά-

420 1602 509 1657 apag,
526 1597 590 1636 cum
611 1577 784 1642 recentiores,
809 1579 856 1650 qui
870 1595 968 1631 nomen
983 1578 1033 1630 alia
1048 1577 1088 1640 sia
1102 1588 1253 1649 acceptum
1271 1575 1388 1632 nonnisi
1453 1589 1454 1602 ¹

423 1667 456 1721 (le
473 1666 587 1719 barbaro
604 1679 728 1734 graecum
747 1661 880 1722 fecerunt,
899 1662 1056 1732 neutiquam
1074 1661 1143 1714 inter
1157 1679 1185 1713 se
1200 1662 1397 1717 conueniant.¹

420 1751 502 1822 Quod
516 1731 635 1817 Diogene
648 1745 733 1800 Laert.
748 1756 811 1798 teste
832 1748 870 1814 (in
879 1751 1006 1820 prooem)
1028 1747 1121 1800 Dinon
1139 1755 1164 1797 et
1177 1745 1382 1800 Hermodorus

321 1851 326 1864 ‘
423 1830 695 1909 μεθερμηνευόμενον
708 1829 758 1886 τὸν
769 1830 950 1902 Ζωροάστρην
964 1829 1138 1902 ἄστροθῦτην
1149 1829 1226 1884 εἶναι
1244 1829 1386 1896 dixerunt,
1417 1821 1418 1828 ἵ

422 1919 452 1973 id
475 1936 548 1970 mera
572 1915 723 1986 coniectura
748 1913 849 1969 nititur.
870 1915 1047 1968 ¹Huiusmodi
1070 1913 1121 1968 alia
1147 1923 1278 1968 veterum
1303 1933 1328 1967 v.
1355 1915 1384 1968 iu

424 2001 535 2066 Gesenii
565 1998 732 2056 Geschichte·
753 1999 800 2054 der
831 1999 1008 2055 hebr'aiiechen
1040 1996 1160 2072 Spraclte
1183 1998 1244 2052 und
1274 2000 1385 2055 schrift

423 2108 453 2161 p.
466 2086 532 2143 ΞΜ.

375 2202 403 2268 1)
425 2201 550 2250 Zeruane
579 2197 700 2250 Akerene
731 2192 857 2268 (tempus
870 2198 1030 2266 infinitum).
1071 2197 1145 2250 Male
1163 2196 1274 2252 'Thorm
1303 2196 1382 2270 Hyde

425 2281 494 2342 Hist.
519 2277 593 2348 relig.
618 2289 669 2332 vet·
693 2281 766 2332 Pers.
794 2280 1233 2350 oxos.1700.p.·297.79.495.
1254 2282 1382 2336 Abralra·

430 2384 508 2420 mum
532 2363 674 2426 intellexit,
699 2381 781 2434 quem
804 2380 924 2420 errorem
939 2363 1007 2417 lalsa
1025 2364 1165 2416 verborum
1183 2365 1278 2420 Photii
1298 2368 1381 2422 inter·

429 2448 543 2522 pretatio
558 2450 659 2519 genuit.
706 2497 714 2518 ,

374 2565 403 2637 2)
421 2543 576 2618 Zoroastres
593 2563 650 2635 ipse
669 2559 777 2634 quidem
793 2561 947 2632 Zetuanen,
962 2546 1078 2638 ‘tempus
1101 2563 1182 2617 nullis
1202 2564 1309 2619 finibus
1329 2565 1379 2621 cir·

310 2645 314 2650 ’
424 2645 641 2720 ὀυηιεοτὶρωιη,
669 2665 810 2698 Ιειιιῐιιηιιιιι
839 2647 1006 2719 principium
1030 2667 1086 2700 esse
1110 2648 1213 2714 statuit,
1237 2651 1286 2702 sed
1313 2671 1377 2706 cum
1453 2641 1454 2652 ¹

429 2733 498 2792 illud
521 2729 653 2788 eiusmodi
671 2738 751 2796 esset,
777 2730 855 2784 cuius
873 2732 946 2784 notio
964 2751 1018 2784 non
1036 2733 1172 2805 cogitando
1192 2735 1295 2790 nedum
1315 2737 1377 2792 scri·

428 2818 516 2871 hendo
534 2809 623 2870 auimo
641 2815 749 2885 concipi
767 2825 871 2885 posset,
889 2817 1024 2869 rarissime
1041 2816 1072 2868 de
1089 2835 1121 2869 eo
1138 2817 1167 2870 in
1181 2821 1376 2876 Zend·Avesta
1429 2882 1431 2895 μ

430 2920 519 2956 sermo
535 2902 574 2956 fit.
608 2899 648 2952 lta
672 2915 734 2950 vero
757 2896 802 2950 hic
818 2897 875 2952 illic
894 2900 962 2952 hanc
979 2902 1121 2970 genuinam
1140 2903 1301 2960 Zoroastrae
1319 2928 1374 2961 sen·

428 2985 539 3038 tentiam
569 2981 704 3036 evanuisse
730 2998 889 3054 merumque
923 2984 1088 3037 dualismum
1111 2985 1204 3040 locum
1227 3008 1375 3064 occupasse
1453 3001 1454 3018 ³

432 3067 566 3124 credibile.
601 3066 638 3118 At
662 3065 738 3118 aliter
763 3083 792 3117 se
816 3065 910 3121 habuit
934 3079 1052 3140 tempore
1070 3067 1218 3136 Theodori,
1239 3059 1275 3128 acl
1295 3095 1373 3148 quem
1453 3077 1454 3132 l

435 3153 587 3208 accuratior
619 3149 698 3202 etiam
724 3149 817 3203 notitia
847 3151 919 3206 illius
943 3153 1072 3226 principii
1096 3158 1223 3227 pervenit.
1264 3162 1374 3216 Etenim
1453 3137 1454 3216 l

435 3239 495 3293 fieri
512 3257 567 3292 non
589 3236 692 3308 potuit,
718 3235 784 3305 quin
810 3236 986 3299 desiderium,
1010 3240 1064 3311 quo
1082 3239 1177 3296 ductus
1194 3245 1223 3298 in
1240 3265 1273 3299 eo
1292 3250 1374 3320 inpri·
1453 3267 1454 3342 p

433 3325 487 3379 mis
510 3325 616 3378 animus
641 3321 778 3373 humanus
800 3307 880 3394 plura
903 3344 951 3400 per
974 3325 1063 3378 secula
1086 3341 1230 3400 occupatus
1248 3345 1320 3395 erat,
1345 3342 1372 3384 ut
1453 3365 1454 3388 t

436 3405 671 3466 rationesinfiniti
695 3416 720 3459 et
737 3404 805 3458 finiti
823 3411 1021 3466 accuratissime
1039 3412 1200 3474 enuclearet,
1227 3417 1257 3468 ad
1279 3407 1372 3470 Persas
1453 3407 1454 3416 ¹

434 3495 581 3566 pertineret
604 3507 701 3560 eosque
725 3494 880 3570 praesertim
905 3493 939 3545 ad
955 3513 1092 3548 summum
1108 3515 1188 3548 suum
1206 3500 1371 3572 principium

388 3583 397 3590 ”’
435 3577 640 3630 animadvertere
665 3570 777 3622 iuberet.
811 3573 850 3626 Ita
874 3575 930 3628 eius
948 3578 1023 3631 notio
1034 3579 1204 3655 aliquatepus
1224 3593 1296 3637 certe
1314 3585 1372 3640 defi-

434 3661 489 3715 nita
510 3669 535 3712 et
553 3655 769 3710 usui-communi
782 3659 863 3730 magis
876 3659 1021 3740 adaptata..
1037 3663 1117 3716 Recte
1131 3663 1239 3738 quidem
1253 3669 1371 3724 Zeruane

361 3747 363 3754 ’
438 3743 552 3819 ἀρχηγὸς
575 3740 693 3818 πάντων1
705 3737 826 3824 elicitur,
849 3745 894 3799 sed
917 3766 950 3800 ne
974 3747 1036 3820 quis
1053 3747 1132 3802 illum
1148 3769 1210 3804 eum
1227 3751 1317 3808 animo
1333 3756 1370 3815 in·

439 3831 582 3892 formaret,
598 3827 675 3884 cuius
694 3826 830 3883 notionem
851 3831 1056 3887 christianorum
1071 3835 1133 3888 deus
1146 3837 1370 3912 complecteretur,
1453 3847 1454 3938 l

439 3915 597 3976 Theodorus
621 3918 676 3970 suis
700 3916 787 3988 ipsius
811 3918 959 3971 rationibus
982 3919 1059 3972 nixus
1078 3923 1140 3974 'eum
1158 3922 1239 3994 τύχην
1255 3927 1370 3979 nomina·
1453 3941 1454 3978 t

440 4000 486 4054 vit.
520 4001 591 4070 Vos,
609 4004 711 4074 inquit,
729 4000 1183 4074 constituistisquidemsurnmum
1201 3997 1370 4083 principium,

442 4085 490 4140 sed
509 4089 582 4162 quod
599 4087 669 4146 hauc
685 4103 768 4144 uuam
785 4086 838 4145 tina
851 4085 962 4160 babuit,
979 4099 1010 4146 ut
1026 4091 1153 4152 iuferiora
1169 4095 1222 4151 duo
1238 4093 1368 4174 principia
