2916 5230
269 461 272 476 '
311 443 389 528 ‚112'

321 647 397 714 labe
418 639 639 710 occidentales
666 641 766 710 etiam
788 633 940 712 ecclesias
959 643 1233 712 contaminasset
1262 648 1386 736 appel·¹
1414 645 1419 652 ’

248 787 252 794 »
321 753 426 830 latur,
456 771 500 812 ne
528 745 592 812 hoc
620 745 756 832 quidem
779 748 875 833 quale
897 747 940 812 sit
960 750 1156 814 obscurum.
1205 745 1386 836 Pelagiani

276 869 278 872 ·
322 851 431 934 enim,
455 848 511 936 qui
533 848 575 914 ad
592 849 818 916 Theodorum
840 852 949 916 literas
977 837 1145 918 dederunt
1170 865 1209 917 et
1234 875 1386 938 quorum

320 956 419 1022 furor
449 964 523 1018 turn
551 951 588 1016 in
615 952 870 1050 Hieronymum
898 953 1055 1042 inprimis
1077 947 1275 1021 conuersus
1299 969 1383 1035 erat,
1438 1035 1439 1044 ἵ

242 1131 244 1138 ⁴
319 1081 374 1128 res
399 1055 555 1122 antesin
578 1055 750 1122 occidente
770 1069 874 1142 gestas
898 1081 999 1144 quam
1023 1058 1095 1147 fieri
1117 1069 1243 1146 posset
1266 1061 1386 1124 maxi-

145 1197 147 1204 *
245 1153 249 1158 ¹
319 1185 375 1228 mc
399 1159 563 1226 oblivioni
580 1158 727 1224 ,tradere
750 1161 948 1242 studebant,
979 1185 1023 1227 ne
1043 1162 1236 1226 occidentis
1262 1157 1386 1226 auc'to-

319 1253 408 1332 ritas
432 1261 555 1328 orienti
584 1260 696 1334 fraudi
721 1271 813 1326 esset.
859 1262 1016 1328 Ceterum
1037 1263 1384 1350 haudjmportunae
1438 1337 1439 1346 ἵ

238 1421 252 1442 χ
318 1366 459 1434 fortasse
481 1361 662 1428 Theodoro
684 1361 762 1428 illae
786 1363 992 1453 Hieronymi
1011 1366 1250 1444 contumeliae
1272 1374 1383 1446 erant,

317 1473 356 1538 in
378 1469 471 1534 cuius
483 1465 647 1532 notitiam
668 1487 738 1530 non
761 1477 832 1532 tum
850 1466 999 1562 primum
1014 1470 1160 1534 venerit.
1210 1471 1317 1535 Certe
1332 1479 1383 1532 ter

316 1573 553 1657 Hieronymus
582 1567 787 1635 Antiochiae
816 1573 1010 1638 morabatur
1039 1575 1085 1658 (a.
1101 1572 1198 1640 ’374
1224 1575 1303 1638 878.
1326 1567 1383 1634 vel
1438 1631 1439 1640 ,

224 1703 247 1766 g
319 1682 393 1746 379.
420 1673 511 1762 385.)
544 1669 634 1736 etsi
661 1683 735 1738 tum
765 1673 947 1739 Theodoro
975 1667 1125 1743 innotuit
1156 1678 1236 1744 eius
1259 1674 1381 1740 odium
1438 1689 1439 1692 ’

318 1803 359 1847 eo
383 1776 473 1864 quod
490 1775 634 1842 Paullini
653 1787 766 1864 partes
775 1778 979 1859 sequebatur
992 1764 1143 1848 incurrit.
1191 1781 1279 1846 Post
1294 1797 1380 1844 vero

318 1883 508 1970 Origencm
529 1891 656 1945 temero
682 1879 820 1944 adortus
841 1890 900 1946 est.
1438 1875 1439 1880 ’

422 1998 524 2094 Quae
541 1997 570 2061 si
591 2009 681 2062 recte
703 1996 964 2082 disputavimus,
993 1998 1222 2066 Theodorum
1247 2023 1278 2069 a.
1300 2001 1377 2064 316.
1438 2071 1439 2078 ἵ

317 2113 374 2169 aut
394 2100 512 2166 saltem
533 2122 562 2164 a.
589 2105 663 2166 317.
693 2097 735 2164 do
762 2105 899 2187 peccato
922 2103 1076 2188 originali
1097 2103 1276 2196 scripsisse
1300 2123 1378 2166 ma·

198 2269 212 2288 „
311 2201 478 2270 uiiestum
508 2210 556 2260 est
571 2199 611 2281 1).
656 2200 764 2263 Aliter
792 2225 876 2264 vero
905 2205 1097 2292 Tillcmont.
1125 2208 1148 2274 l.
1168 2207 1195 2270 l.
1219 2229 1258 2293 p.
1284 2205 1377 2283 449„
1438 2199 1439 2272 l

316 2301 526 2372 Garnerium
546 2298 673 2386 partim
695 2309 843 2362 secutus:
869 2299 928 2378 „ll
949 2301 980 2362 le
1003 2295 1182 2387 (ouvrage)
1205 2305 1250 2368 fit
1273 2307 1377 2391 apres
1438 2275 1439 2358 l

313 2409 362 2474 les
384 2405 456 2470 loix
478 2399 518 2478 de
539 2403 608 2468 l’an
629 2401 704 2486 418.
734 2411 848 2464 contre
879 2401 927 2465 les
954 2400 1123 2486 Pelagicns
1144 2403 1375 2494 (rescriptum

268 2576 270 2584 ,
311 2508 463 2577 Honora
487 2489 596 2593 prius
620 2504 691 2568 on.
711 2503 821 2568 Maias
843 2501 918 2568 418.
945 2504 1062 2568 w‹rsuan
1083 2506 1211 2590 legitur
1234 2509 1273 2573 in
1299 2509 1372 2574 Aa.
1404 2591 1407 2600 ⁴

315 2626 401 2700 gust.
424 2611 491 2703 Ορ.
509 2608 554 2672 Χ.
577 2629 654 2696 app.
676 2609 798 2694 p.,70.‚
822 2603 971 2670 Salviani
986 2607 1053 2694 Op.
1067 2607 1210 2674 Brcmac
1226 2615 1326 2679 1688.
1340 2612 1371 2677 4.

192 2711 203 2782 .'
246 2718 247 2728 ’
312 2739 346 2804 p.
364 2705 437 2782 s74'.
450 2713 556 2798 squ),
584 2707 741 2796 puisqu'il
764 2706 954 2796 pre'tendoit
974 2729 1040 2793 que
1058 2711 1093 2775 la
1114 2715 1245 2778 crainte
1268 2713 1314 2780 de
1335 2714 1369 2781 la

312 2817 488 2904 puissanoe
509 2811 715 2897 empesohoit
734 2810 775 2874 de
797 2813 908 2898 parler
929 2824 1045 2877 contre
1062 2837 1111 2878 ses
1133 2815 1366 2896 adversaircs3

314 2929 346 2982 et
369 2939 407 2980 ce
427 2917 483 2978 fut
504 2917 594 3012 essm
614 2910 964 2979 vraiscmblablement
988 2913 1085 3000 apres
1107 2917 1174 2982 l'an
1198 2918 1278 2984 421.
1300 2919 1366 2984 du-

311 3029 388 3102 rent
413 3017 582 3100 le·temps
611 3033 675 3098 quc
702 3034 765 3077 son
793 3013 923 3080 diocese
949 3017 1076 3101 servoit
1107 3017 1148 3083 de
1175 3011 1363 3106 ‘retraitesl

197 3141 200 3149 ·
276 3151 286 3167 ··
314 3121 427 3188 Iulian
460 3131 493 3184 et
528 3141 595 3183 aux
624 3129 746 3184 autres,
766 3116 935 3203 Evesques
959 3117 1159 3204 ‘Pelagiens,
1188 3137 1224 3190 et
1255 3133 1364 3213 peut·-
1438 3133 1439 3198 3

314 3235 403 3290 estre
437 3219 457 3286 t
492 3222 612 3306 Pelage
640 3241 793 3294 -mesme,
832 3221 889 3303 qui
924 3221 1020 3284 estoit
1048 3224 1363 3308 particulibrement

311 3326 423 3392 anime
446 3311 562 3388 contre
584 3325 615 3388 S.
637 3322 768 3387 idrome
790 3333 822 3386 et
848 3324 991 3410 pouvoit
1012 3325 1091 3392 bien
1113 3336 1165 3416 s’y
1187 3343 1279 3396 estre
1301 3353 1361 3394 re-

310 3428 392 3510 tir'ri,
423 3427 520 3512 apres
549 3423 645 3490 avoir
677 3426 744 3488 este'
775 3425 884 3488 chasse‘
914 3425 956 3492 de
984 3428 1180 3494 Jerusalem.
1227 3433 1307 3516 Quc
1331 3427 1360 3492 si

310 3531 344 3594 la
371 3527 524 3592 muniere
555 3528 637 3620 dont
673 3525 810 3628 Photius
837 3533 1083 3624 reportelqu’il
1109 3553 1135 3618 y
1161 3533 1289 3618 perluit
1318 3529 1360 3594 dc

1210 3719 1214 3726 .
1322 3633 1356 3698 δ’

278 3860 282 3869 -
359 3833 388 3898 l)
406 3827 481 3886 Nihil
503 3826 708 3906 impertiret,
734 3827 807 3900 quod
829 3829 858 3882 in
873 3827 974 3886 Chron.
994 3831 1086 3886 Edere.
1105 3830 1220 3886 haeresis
1237 3837 1352 3886 'asseren-

412 3915 482 3966 tium
504 3922 643 3984 peccatum
664 3921 773 3974 naturae
794 3912 903 3966 insitum
918 3931 972 3966 esse
982 3915 1082 3986 dicitur
1095 3935 1119 3970 a.
1133 3917 1194 3975 428.
1217 3913 1352 3968 emersisse

414 3995 448 4050 ef.
472 3993 576 4049 Assem.
597 3995 615 4046 l.
634 3993 654 4050 l.
673 3996 696 4049 I.
714 4015 741 4066 p.
757 3999 817 4051 402.
852 3996 910 4048 Hoc
932 4016 963 4050 eo
984 4000 1062 4054 credo
1083 4002 1193 4063 nititur,
1217 3998 1288 4072 quod
1303 3993 1351 4045 illo

413 4081 468 4133 iere
488 4089 608 4150 tempore
630 4077 790 4158 Caelestius,
820 4081 1058 4157 lulianus:aliique
1077 4075 1209 4158 pelagiani
1229 4085 1263 4136 sc'
1277 4080 1350 4136 Cou-

409 4161 602 4237 stantinopoliu
614 4162 646 4218 ad
660 4165 814 4224 Nestorium
828 4166 990 4235 contulere«
1074 4199 1078 4212 ι
