<?xml version="1.0" encoding="UTF-8"?>
<!DOCTYPE html PUBLIC "-//W3C//DTD XHTML 1.0 Transitional//EN"
    "http://www.w3.org/TR/xhtml1/DTD/xhtml1-transitional.dtd">
<html xmlns="http://www.w3.org/1999/xhtml" xml:lang="en" lang="en">
 <head>
  <title>
</title>
<meta http-equiv="Content-Type" content="text/html;charset=utf-8" />
  <meta name='ocr-system' content='tesseract 3.04.00' />
  <meta name='ocr-capabilities' content='ocr_page ocr_carea ocr_par ocr_line ocrx_word'/>
</head>
<body>
  <div class='ocr_page' id='page_1' title='image "./detheodorimopsv00fritgoog_0140.png"; bbox 0 0 2916 5230; ppageno 0'>
   <div class='ocr_carea' id='block_1_1' title="bbox 336 417 514 554">
    <p class='ocr_par' dir='ltr' id='par_1_1' title="bbox 336 417 514 554">
     <span class='ocr_line' id='line_1_1' title="bbox 336 417 514 554; baseline 0 -32"><span class='ocrx_word' id='word_1_1' title='bbox 336 455 402 554; x_wconf 76' lang='lat'><strong>¹²2⁴</strong></span> <span class='ocrx_word' id='word_1_2' title='bbox 463 417 514 462; x_wconf 62' lang='lat'><strong>‘¹</strong></span> 
     </span>
    </p>
   </div>
   <div class='ocr_carea' id='block_1_2' title="bbox 185 636 1401 2194">
    <p class='ocr_par' dir='ltr' id='par_1_2' title="bbox 185 636 1401 2194">
     <span class='ocr_line' id='line_1_2' title="bbox 337 636 1375 726; baseline -0.002 -18"><span class='ocrx_word' id='word_1_3' title='bbox 337 641 441 708; x_wconf 83' lang='lat' dir='ltr'><strong>altero</strong></span> <span class='ocrx_word' id='word_1_4' title='bbox 469 637 593 704; x_wconf 89' lang='lat' dir='ltr'><strong>mirum</strong></span> <span class='ocrx_word' id='word_1_5' title='bbox 621 637 658 704; x_wconf 91' lang='lat' dir='ltr'><strong>in</strong></span> <span class='ocrx_word' id='word_1_6' title='bbox 682 637 821 706; x_wconf 87' lang='lat' dir='ltr'><strong>modum</strong></span> <span class='ocrx_word' id='word_1_7' title='bbox 842 636 1042 726; x_wconf 86' lang='lat' dir='ltr'><strong>interpolato</strong></span> <span class='ocrx_word' id='word_1_8' title='bbox 1069 657 1148 705; x_wconf 89' lang='lat' dir='ltr'><strong>usus</strong></span> <span class='ocrx_word' id='word_1_9' title='bbox 1172 649 1222 704; x_wconf 85' lang='lat' dir='ltr'><strong>est</strong></span> <span class='ocrx_word' id='word_1_10' title='bbox 1244 637 1288 703; x_wconf 86' lang='lat' dir='ltr'><strong>cf.</strong></span> <span class='ocrx_word' id='word_1_11' title='bbox 1308 641 1329 706; x_wconf 93' lang='lat' dir='ltr'><strong>l.</strong></span> <span class='ocrx_word' id='word_1_12' title='bbox 1349 640 1375 706; x_wconf 93' lang='lat' dir='ltr'><strong>l.</strong></span> 
     </span>
     <span class='ocr_line' id='line_1_3' title="bbox 334 718 1375 815; baseline 0.001 -24"><span class='ocrx_word' id='word_1_13' title='bbox 334 751 368 815; x_wconf 91' lang='lat' dir='ltr'><strong>p.</strong></span> <span class='ocrx_word' id='word_1_14' title='bbox 390 728 463 798; x_wconf 80' lang='grc'><strong>666.</strong></span> <span class='ocrx_word' id='word_1_15' title='bbox 499 718 795 812; x_wconf 84' lang='lat' dir='ltr'><strong>A&#39;ugurortame&#39;n,</strong></span> <span class='ocrx_word' id='word_1_16' title='bbox 814 727 977 792; x_wconf 87' lang='lat' dir='ltr'><strong>nonnulla</strong></span> <span class='ocrx_word' id='word_1_17' title='bbox 989 730 1130 808; x_wconf 82' lang='lat' dir='ltr'><strong>tantum,</strong></span> <span class='ocrx_word' id='word_1_18' title='bbox 1149 745 1232 812; x_wconf 88' lang='lat' dir='ltr'><strong>quae</strong></span> <span class='ocrx_word' id='word_1_19' title='bbox 1247 725 1375 792; x_wconf 84' lang='lat' dir='ltr'><strong>Nesto-</strong></span> 
     </span>
     <span class='ocr_line' id='line_1_4' title="bbox 333 809 1373 898; baseline 0 -20"><span class='ocrx_word' id='word_1_20' title='bbox 333 809 529 880; x_wconf 84' lang='lat' dir='ltr'><strong>rianismum</strong></span> <span class='ocrx_word' id='word_1_21' title='bbox 544 813 693 878; x_wconf 83' lang='lat' dir='ltr'><strong>redolere</strong></span> <span class='ocrx_word' id='word_1_22' title='bbox 711 813 907 878; x_wconf 83' lang='lat' dir='ltr'><strong>viderentur</strong></span> <span class='ocrx_word' id='word_1_23' title='bbox 918 813 1152 898; x_wconf 82' lang='lat' dir='ltr'><strong>interpolando</strong></span> <span class='ocrx_word' id='word_1_24' title='bbox 1168 813 1277 876; x_wconf 88' lang='lat' dir='ltr'><strong>demta</strong></span> <span class='ocrx_word' id='word_1_25' title='bbox 1291 837 1373 886; x_wconf 80' lang='lat' dir='ltr'><strong>esse.</strong></span> 
     </span>
     <span class='ocr_line' id='line_1_5' title="bbox 435 896 1401 986; baseline 0.002 -24"><span class='ocrx_word' id='word_1_26' title='bbox 435 899 587 964; x_wconf 86' lang='lat' dir='ltr'><strong>Omnino</strong></span> <span class='ocrx_word' id='word_1_27' title='bbox 629 899 671 964; x_wconf 87' lang='lat' dir='ltr'><strong>de</strong></span> <span class='ocrx_word' id='word_1_28' title='bbox 709 899 849 986; x_wconf 87' lang='lat' dir='ltr'><strong>liturgiis</strong></span> <span class='ocrx_word' id='word_1_29' title='bbox 880 911 1032 964; x_wconf 87' lang='lat' dir='ltr'><strong>veterum</strong></span> <span class='ocrx_word' id='word_1_30' title='bbox 1048 896 1076 982; x_wconf 86' lang='lat' dir='ltr'><strong>l)</strong></span> <span class='ocrx_word' id='word_1_31' title='bbox 1118 900 1181 962; x_wconf 87' lang='lat' dir='ltr'><strong>tria</strong></span> <span class='ocrx_word' id='word_1_32' title='bbox 1217 901 1401 983; x_wconf 62' lang='lat' dir='ltr'><strong>tenenda„</strong></span> 
     </span>
     <span class='ocr_line' id='line_1_6' title="bbox 316 983 1374 1072; baseline 0.002 -24"><span class='ocrx_word' id='word_1_33' title='bbox 316 983 498 1072; x_wconf 82' lang='lat' dir='ltr'><strong>primum,</strong></span> <span class='ocrx_word' id='word_1_34' title='bbox 528 1009 644 1051; x_wconf 87' lang='lat' dir='ltr'><strong>earum</strong></span> <span class='ocrx_word' id='word_1_35' title='bbox 667 987 911 1072; x_wconf 85' lang='lat' dir='ltr'><strong>antiquissimas</strong></span> <span class='ocrx_word' id='word_1_36' title='bbox 932 984 1054 1048; x_wconf 90' lang='lat' dir='ltr'><strong>sensim</strong></span> <span class='ocrx_word' id='word_1_37' title='bbox 1070 1006 1107 1047; x_wconf 87' lang='lat' dir='ltr'><strong>aa</strong></span> <span class='ocrx_word' id='word_1_38' title='bbox 1122 985 1294 1072; x_wconf 82' lang='lat' dir='ltr'><strong>paullatim</strong></span> <span class='ocrx_word' id='word_1_39' title='bbox 1308 1009 1374 1050; x_wconf 85' lang='lat' dir='ltr'><strong>ax-</strong></span> 
     </span>
     <span class='ocr_line' id='line_1_7' title="bbox 333 1071 1372 1156; baseline -0.001 -21"><span class='ocrx_word' id='word_1_40' title='bbox 333 1073 474 1151; x_wconf 75' lang='lat' dir='ltr'><strong>stitisse,</strong></span> <span class='ocrx_word' id='word_1_41' title='bbox 503 1074 662 1156; x_wconf 86' lang='lat' dir='ltr'><strong>alterum‚</strong></span> <span class='ocrx_word' id='word_1_42' title='bbox 694 1073 892 1136; x_wconf 85' lang='lat' dir='ltr'><strong>clarissimos</strong></span> <span class='ocrx_word' id='word_1_43' title='bbox 915 1071 1067 1136; x_wconf 88' lang='lat' dir='ltr'><strong>ecclesiae</strong></span> <span class='ocrx_word' id='word_1_44' title='bbox 1087 1071 1254 1154; x_wconf 84' lang='lat' dir='ltr'><strong>doctores,</strong></span> <span class='ocrx_word' id='word_1_45' title='bbox 1285 1094 1372 1156; x_wconf 91' lang='lat' dir='ltr'><strong>quo-</strong></span> 
     </span>
     <span class='ocr_line' id='line_1_8' title="bbox 332 1157 1373 1244; baseline 0 -21"><span class='ocrx_word' id='word_1_46' title='bbox 332 1181 410 1223; x_wconf 89' lang='lat' dir='ltr'><strong>rum</strong></span> <span class='ocrx_word' id='word_1_47' title='bbox 429 1160 583 1244; x_wconf 85' lang='lat' dir='ltr'>liturgiae</span> <span class='ocrx_word' id='word_1_48' title='bbox 606 1159 804 1244; x_wconf 79' lang='lat' dir='ltr'><strong>laudantur,</strong></span> <span class='ocrx_word' id='word_1_49' title='bbox 826 1182 896 1223; x_wconf 90' lang='lat' dir='ltr'><strong>non</strong></span> <span class='ocrx_word' id='word_1_50' title='bbox 916 1170 985 1223; x_wconf 82' lang='lat' dir='ltr'><strong>tarn</strong></span> <span class='ocrx_word' id='word_1_51' title='bbox 1001 1179 1106 1222; x_wconf 89' lang='lat' dir='ltr'><strong>novas</strong></span> <span class='ocrx_word' id='word_1_52' title='bbox 1125 1157 1253 1222; x_wconf 90' lang='lat' dir='ltr'><strong>cudisse</strong></span> <span class='ocrx_word' id='word_1_53' title='bbox 1270 1180 1373 1244; x_wconf 89' lang='lat' dir='ltr'><strong>quam</strong></span> 
     </span>
     <span class='ocr_line' id='line_1_9' title="bbox 301 1243 1374 1332; baseline 0.001 -24"><span class='ocrx_word' id='word_1_54' title='bbox 301 1291 305 1302; x_wconf 80' lang='grc'><strong>.</strong></span> <span class='ocrx_word' id='word_1_55' title='bbox 334 1245 474 1330; x_wconf 82' lang='lat' dir='ltr'><strong>quaein</strong></span> <span class='ocrx_word' id='word_1_56' title='bbox 496 1267 558 1308; x_wconf 87' lang='lat' dir='ltr'><strong>usu</strong></span> <span class='ocrx_word' id='word_1_57' title='bbox 581 1261 689 1312; x_wconf 79' lang='lat' dir='ltr'><strong>essent</strong></span> <span class='ocrx_word' id='word_1_58' title='bbox 710 1245 784 1332; x_wconf 91' lang='lat' dir='ltr'><strong>plus</strong></span> <span class='ocrx_word' id='word_1_59' title='bbox 806 1247 959 1308; x_wconf 87' lang='lat' dir='ltr'><strong>minusve</strong></span> <span class='ocrx_word' id='word_1_60' title='bbox 981 1243 1113 1308; x_wconf 84' lang='lat' dir='ltr'><strong>auxisse</strong></span> <span class='ocrx_word' id='word_1_61' title='bbox 1134 1255 1231 1328; x_wconf 90' lang='lat' dir='ltr'><strong>atque</strong></span> <span class='ocrx_word' id='word_1_62' title='bbox 1253 1267 1374 1310; x_wconf 88' lang='lat' dir='ltr'><strong>emen-</strong></span> 
     </span>
     <span class='ocr_line' id='line_1_10' title="bbox 333 1329 1373 1416; baseline 0.002 -22"><span class='ocrx_word' id='word_1_63' title='bbox 333 1335 444 1409; x_wconf 85' lang='lat' dir='ltr'><strong>dasse,</strong></span> <span class='ocrx_word' id='word_1_64' title='bbox 467 1333 622 1408; x_wconf 88' lang='lat' dir='ltr'><strong>tertium,</strong></span> <span class='ocrx_word' id='word_1_65' title='bbox 650 1329 707 1396; x_wconf 84' lang='lat' dir='ltr'><strong>has</strong></span> <span class='ocrx_word' id='word_1_66' title='bbox 729 1336 816 1416; x_wconf 85' lang='lat' dir='ltr'><strong>ipsas</strong></span> <span class='ocrx_word' id='word_1_67' title='bbox 839 1329 939 1394; x_wconf 85' lang='lat' dir='ltr'><strong>etiam</strong></span> <span class='ocrx_word' id='word_1_68' title='bbox 963 1342 1073 1394; x_wconf 85' lang='lat' dir='ltr'><strong>auctas</strong></span> <span class='ocrx_word' id='word_1_69' title='bbox 1095 1341 1192 1416; x_wconf 80' lang='lat' dir='ltr'><strong>alque</strong></span> <span class='ocrx_word' id='word_1_70' title='bbox 1210 1331 1373 1396; x_wconf 88' lang='lat' dir='ltr'><strong>emenda-</strong></span> 
     </span>
     <span class='ocr_line' id='line_1_11' title="bbox 268 1419 1372 1504; baseline 0.001 -23"><span class='ocrx_word' id='word_1_71' title='bbox 268 1465 271 1474; x_wconf 61' lang='lat'><strong>.</strong></span> <span class='ocrx_word' id='word_1_72' title='bbox 330 1431 380 1482; x_wconf 88' lang='lat' dir='ltr'><strong>tas</strong></span> <span class='ocrx_word' id='word_1_73' title='bbox 402 1419 551 1502; x_wconf 71' lang='lat' dir='ltr'><strong>liturgias</strong></span> <span class='ocrx_word' id='word_1_74' title='bbox 578 1439 655 1482; x_wconf 90' lang='lat' dir='ltr'><strong>oum</strong></span> <span class='ocrx_word' id='word_1_75' title='bbox 674 1419 794 1482; x_wconf 83' lang='lat' dir='ltr'><strong>multo</strong></span> <span class='ocrx_word' id='word_1_76' title='bbox 824 1439 888 1479; x_wconf 81' lang='lat' dir='ltr'><strong>usu-</strong></span> <span class='ocrx_word' id='word_1_77' title='bbox 912 1427 1102 1481; x_wconf 87' lang='lat' dir='ltr'><strong>tererentur</strong></span> <span class='ocrx_word' id='word_1_78' title='bbox 1124 1429 1275 1504; x_wconf 88' lang='lat' dir='ltr'><strong>tempore</strong></span> <span class='ocrx_word' id='word_1_79' title='bbox 1295 1440 1372 1482; x_wconf 90' lang='lat' dir='ltr'><strong>ma-</strong></span> 
     </span>
     <span class='ocr_line' id='line_1_12' title="bbox 329 1502 1372 1588; baseline -0.001 -19"><span class='ocrx_word' id='word_1_80' title='bbox 329 1506 417 1569; x_wconf 90' lang='lat' dir='ltr'><strong>iores</strong></span> <span class='ocrx_word' id='word_1_81' title='bbox 437 1504 585 1568; x_wconf 85' lang='lat' dir='ltr'><strong>minores</strong></span> <span class='ocrx_word' id='word_1_82' title='bbox 603 1504 740 1568; x_wconf 83' lang='lat' dir='ltr'><strong>subiisse</strong></span> <span class='ocrx_word' id='word_1_83' title='bbox 752 1503 965 1568; x_wconf 86' lang='lat' dir='ltr'><strong>mutationes.</strong></span> <span class='ocrx_word' id='word_1_84' title='bbox 1004 1504 1062 1566; x_wconf 83' lang='lat' dir='ltr'><strong>Ex</strong></span> <span class='ocrx_word' id='word_1_85' title='bbox 1079 1503 1195 1588; x_wconf 87' lang='lat' dir='ltr'><strong>quibus</strong></span> <span class='ocrx_word' id='word_1_86' title='bbox 1211 1502 1372 1583; x_wconf 77' lang='lat' dir='ltr'><strong>efficitur,</strong></span> 
     </span>
     <span class='ocr_line' id='line_1_13' title="bbox 330 1587 1370 1677; baseline -0.002 -21"><span class='ocrx_word' id='word_1_87' title='bbox 330 1590 503 1656; x_wconf 79' lang='lat' dir='ltr'><strong>Theodori</strong></span> <span class='ocrx_word' id='word_1_88' title='bbox 516 1593 702 1677; x_wconf 82' lang='lat' dir='ltr'><strong>liturgiam,</strong></span> <span class='ocrx_word' id='word_1_89' title='bbox 724 1601 760 1652; x_wconf 89' lang='lat' dir='ltr'><strong>ut</strong></span> <span class='ocrx_word' id='word_1_90' title='bbox 772 1591 915 1672; x_wconf 84' lang='lat' dir='ltr'><strong>genuina</strong></span> <span class='ocrx_word' id='word_1_91' title='bbox 927 1589 970 1652; x_wconf 88' lang='lat' dir='ltr'><strong>sit</strong></span> <span class='ocrx_word' id='word_1_92' title='bbox 983 1589 1146 1674; x_wconf 85' lang='lat' dir='ltr'><strong>integram</strong></span> <span class='ocrx_word' id='word_1_93' title='bbox 1162 1612 1230 1653; x_wconf 92' lang='lat' dir='ltr'><strong>non</strong></span> <span class='ocrx_word' id='word_1_94' title='bbox 1247 1613 1315 1654; x_wconf 89' lang='lat' dir='ltr'><strong>esse</strong></span> <span class='ocrx_word' id='word_1_95' title='bbox 1325 1587 1370 1674; x_wconf 82' lang='lat'><strong>²),</strong></span> 
     </span>
     <span class='ocr_line' id='line_1_14' title="bbox 330 1673 1369 1762; baseline 0 -22"><span class='ocrx_word' id='word_1_96' title='bbox 330 1698 534 1762; x_wconf 88' lang='lat' dir='ltr'><strong>quamquam</strong></span> <span class='ocrx_word' id='word_1_97' title='bbox 564 1699 650 1761; x_wconf 90' lang='lat' dir='ltr'><strong>quae</strong></span> <span class='ocrx_word' id='word_1_98' title='bbox 680 1679 792 1740; x_wconf 88' lang='lat' dir='ltr'><strong>demta</strong></span> <span class='ocrx_word' id='word_1_99' title='bbox 822 1698 948 1760; x_wconf 88' lang='lat' dir='ltr'><strong>quaeve</strong></span> <span class='ocrx_word' id='word_1_100' title='bbox 972 1673 1082 1738; x_wconf 84' lang='lat' dir='ltr'><strong>addita</strong></span> <span class='ocrx_word' id='word_1_101' title='bbox 1105 1676 1170 1738; x_wconf 88' lang='lat' dir='ltr'><strong>sint</strong></span> <span class='ocrx_word' id='word_1_102' title='bbox 1190 1677 1369 1740; x_wconf 87' lang='lat' dir='ltr'><strong>incertum.</strong></span> 
     </span>
     <span class='ocr_line' id='line_1_15' title="bbox 329 1759 1369 1850; baseline -0.003 -20"><span class='ocrx_word' id='word_1_103' title='bbox 329 1765 488 1830; x_wconf 86' lang='lat' dir='ltr'><strong>Ut‘vero</strong></span> <span class='ocrx_word' id='word_1_104' title='bbox 524 1759 603 1848; x_wconf 91' lang='lat' dir='ltr'><strong>quid</strong></span> <span class='ocrx_word' id='word_1_105' title='bbox 632 1763 673 1826; x_wconf 90' lang='lat' dir='ltr'><strong>de</strong></span> <span class='ocrx_word' id='word_1_106' title='bbox 707 1762 882 1828; x_wconf 80' lang='lat' dir='ltr'><strong>authentia</strong></span> <span class='ocrx_word' id='word_1_107' title='bbox 908 1763 1122 1846; x_wconf 87' lang='lat' dir='ltr'><strong>statuendum</strong></span> <span class='ocrx_word' id='word_1_108' title='bbox 1152 1765 1369 1850; x_wconf 82' lang='lat' dir='ltr'><strong>explicemus,</strong></span> 
     </span>
     <span class='ocr_line' id='line_1_16' title="bbox 327 1849 1371 1941; baseline -0.001 -26"><span class='ocrx_word' id='word_1_109' title='bbox 327 1849 441 1941; x_wconf 90' lang='lat' dir='ltr'><strong>paullo</strong></span> <span class='ocrx_word' id='word_1_110' title='bbox 479 1851 577 1914; x_wconf 85' lang='lat' dir='ltr'><strong>altius</strong></span> <span class='ocrx_word' id='word_1_111' title='bbox 610 1849 842 1936; x_wconf 88' lang='lat' dir='ltr'><strong>repetendum.</strong></span> <span class='ocrx_word' id='word_1_112' title='bbox 901 1851 1183 1914; x_wconf 89' lang='lat' dir='ltr'><strong>Nestorianorum</strong></span> <span class='ocrx_word' id='word_1_113' title='bbox 1211 1861 1371 1936; x_wconf 89' lang='lat' dir='ltr'><strong>quattuor</strong></span> 
     </span>
     <span class='ocr_line' id='line_1_17' title="bbox 185 1935 1370 2022; baseline -0.001 -20"><span class='ocrx_word' id='word_1_114' title='bbox 185 1951 201 1960; x_wconf 85' lang='grc'><em>“</em></span> <span class='ocrx_word' id='word_1_115' title='bbox 327 1937 602 2022; x_wconf 85' lang='lat' dir='ltr'><strong>suntliturgiae,</strong></span> <span class='ocrx_word' id='word_1_116' title='bbox 632 1957 774 2020; x_wconf 86' lang='lat' dir='ltr'><strong>quarum</strong></span> <span class='ocrx_word' id='word_1_117' title='bbox 800 1935 918 2021; x_wconf 86' lang='lat' dir='ltr'><strong>prima</strong></span> <span class='ocrx_word' id='word_1_118' title='bbox 939 1958 963 1998; x_wconf 89' lang='lat' dir='ltr'><strong>s.</strong></span> <span class='ocrx_word' id='word_1_119' title='bbox 995 1937 1223 2022; x_wconf 88' lang='lat' dir='ltr'><strong>apostolorum</strong></span> <span class='ocrx_word' id='word_1_120' title='bbox 1247 1935 1370 2022; x_wconf 78' lang='lat' dir='ltr'><strong>(Adaei</strong></span> 
     </span>
     <span class='ocr_line' id='line_1_18' title="bbox 244 2015 1369 2113; baseline 0.001 -25"><span class='ocrx_word' id='word_1_121' title='bbox 244 2015 250 2028; x_wconf 78' lang='lat'><strong>.</strong></span> <span class='ocrx_word' id='word_1_122' title='bbox 328 2035 362 2088; x_wconf 87' lang='lat' dir='ltr'><strong>et</strong></span> <span class='ocrx_word' id='word_1_123' title='bbox 388 2023 510 2109; x_wconf 88' lang='lat' dir='ltr'><strong>Maris)</strong></span> <span class='ocrx_word' id='word_1_124' title='bbox 540 2023 675 2104; x_wconf 87' lang='lat' dir='ltr'><strong>dicitur,</strong></span> <span class='ocrx_word' id='word_1_125' title='bbox 707 2021 916 2092; x_wconf 80' lang='lat' dir='ltr'><strong>v.·Renaud.</strong></span> <span class='ocrx_word' id='word_1_126' title='bbox 939 2021 959 2086; x_wconf 93' lang='lat' dir='ltr'><strong>l.</strong></span> <span class='ocrx_word' id='word_1_127' title='bbox 982 2023 1003 2086; x_wconf 94' lang='lat' dir='ltr'><strong>l.</strong></span> <span class='ocrx_word' id='word_1_128' title='bbox 1028 2024 1072 2086; x_wconf 90' lang='lat' dir='ltr'><strong>ll.</strong></span> <span class='ocrx_word' id='word_1_129' title='bbox 1102 2025 1369 2113; x_wconf 43' lang='lat' dir='ltr'><strong>pest-2597.</strong></span> 
     </span>
     <span class='ocr_line' id='line_1_19' title="bbox 326 2107 1368 2194; baseline 0 -20"><span class='ocrx_word' id='word_1_130' title='bbox 326 2109 550 2174; x_wconf 88' lang='lat' dir='ltr'><strong>Usitatissima</strong></span> <span class='ocrx_word' id='word_1_131' title='bbox 567 2121 630 2188; x_wconf 84' lang='lat' dir='ltr'><strong>est,</strong></span> <span class='ocrx_word' id='word_1_132' title='bbox 649 2109 784 2190; x_wconf 85' lang='lat' dir='ltr'><strong>antiqua</strong></span> <span class='ocrx_word' id='word_1_133' title='bbox 800 2110 919 2186; x_wconf 86' lang='lat' dir='ltr'><strong>etiam,</strong></span> <span class='ocrx_word' id='word_1_134' title='bbox 942 2109 1000 2172; x_wconf 89' lang='lat' dir='ltr'><strong>sed</strong></span> <span class='ocrx_word' id='word_1_135' title='bbox 1018 2122 1212 2194; x_wconf 91' lang='lat' dir='ltr'><strong>temporum</strong></span> <span class='ocrx_word' id='word_1_136' title='bbox 1226 2107 1368 2176; x_wconf 86' lang='lat' dir='ltr'><strong>decursu</strong></span> 
     </span>
    </p>
   </div>
   <div class='ocr_carea' id='block_1_3' title="bbox 161 2194 1368 2279">
    <p class='ocr_par' dir='ltr' id='par_1_3' title="bbox 161 2194 1368 2279">
     <span class='ocr_line' id='line_1_20' title="bbox 161 2194 1368 2279; baseline 0.01 -27"><span class='ocrx_word' id='word_1_137' title='bbox 161 2244 164 2252; x_wconf 92' lang='lat'><strong>.</strong></span> <span class='ocrx_word' id='word_1_138' title='bbox 234 2231 236 2239; x_wconf 67' lang='lat'><strong>.</strong></span> <span class='ocrx_word' id='word_1_139' title='bbox 326 2195 424 2276; x_wconf 79' lang='lat' dir='ltr'><strong>valde</strong></span> <span class='ocrx_word' id='word_1_140' title='bbox 440 2206 564 2256; x_wconf 83' lang='lat' dir='ltr'><strong>mutata</strong></span> <span class='ocrx_word' id='word_1_141' title='bbox 577 2194 620 2256; x_wconf 83' lang='lat' dir='ltr'><strong>cf.</strong></span> <span class='ocrx_word' id='word_1_142' title='bbox 638 2217 669 2258; x_wconf 90' lang='lat' dir='ltr'><strong>v.</strong></span> <span class='ocrx_word' id='word_1_143' title='bbox 685 2217 712 2258; x_wconf 88' lang='lat' dir='ltr'><strong>c.</strong></span> <span class='ocrx_word' id='word_1_144' title='bbox 728 2219 760 2278; x_wconf 91' lang='lat' dir='ltr'><strong>p.</strong></span> <span class='ocrx_word' id='word_1_145' title='bbox 777 2197 862 2273; x_wconf 72' lang='lat'><strong>588,</strong></span> <span class='ocrx_word' id='word_1_146' title='bbox 885 2196 941 2258; x_wconf 90' lang='lat' dir='ltr'><strong>ubi</strong></span> <span class='ocrx_word' id='word_1_147' title='bbox 955 2197 1107 2259; x_wconf 89' lang='lat' dir='ltr'><strong>sacerdos</strong></span> <span class='ocrx_word' id='word_1_148' title='bbox 1121 2198 1266 2262; x_wconf 89' lang='lat' dir='ltr'><strong>Mariam</strong></span> <span class='ocrx_word' id='word_1_149' title='bbox 1283 2208 1368 2279; x_wconf 78' lang='lat' dir='ltr'><strong>orat,</strong></span> 
     </span>
    </p>
   </div>
   <div class='ocr_carea' id='block_1_4' title="bbox 255 2275 1368 2620">
    <p class='ocr_par' dir='ltr' id='par_1_4' title="bbox 255 2275 1368 2620">
     <span class='ocr_line' id='line_1_21' title="bbox 325 2275 1366 2368; baseline 0.002 -24"><span class='ocrx_word' id='word_1_150' title='bbox 325 2292 365 2345; x_wconf 89' lang='lat' dir='ltr'><strong>ut</strong></span> <span class='ocrx_word' id='word_1_151' title='bbox 385 2283 456 2368; x_wconf 61' lang='lat' dir='ltr'><strong>&#39;pro</strong></span> <span class='ocrx_word' id='word_1_152' title='bbox 491 2300 525 2342; x_wconf 86' lang='lat' dir='ltr'><strong>se</strong></span> <span class='ocrx_word' id='word_1_153' title='bbox 555 2275 663 2348; x_wconf 85' lang='lat' dir='ltr'><strong>lilium</strong></span> <span class='ocrx_word' id='word_1_154' title='bbox 690 2279 899 2358; x_wconf 83' lang='lat' dir='ltr'><strong>deprecetur.</strong></span> <span class='ocrx_word' id='word_1_155' title='bbox 949 2281 1103 2343; x_wconf 85' lang='lat' dir='ltr'><strong>Secunda</strong></span> <span class='ocrx_word' id='word_1_156' title='bbox 1134 2295 1183 2346; x_wconf 88' lang='lat' dir='ltr'><strong>est</strong></span> <span class='ocrx_word' id='word_1_157' title='bbox 1211 2283 1366 2364; x_wconf 87' lang='lat' dir='ltr'><strong>Diodori,</strong></span> 
     </span>
     <span class='ocr_line' id='line_1_22' title="bbox 255 2361 1368 2449; baseline 0 -18"><span class='ocrx_word' id='word_1_158' title='bbox 255 2363 257 2366; x_wconf 32' lang='lat'>⁸</span> <span class='ocrx_word' id='word_1_159' title='bbox 325 2367 478 2432; x_wconf 90' lang='lat' dir='ltr'><strong>nondum</strong></span> <span class='ocrx_word' id='word_1_160' title='bbox 500 2375 660 2446; x_wconf 88' lang='lat' dir='ltr'><strong>quantum</strong></span> <span class='ocrx_word' id='word_1_161' title='bbox 683 2361 751 2424; x_wconf 88' lang='lat' dir='ltr'><strong>seio</strong></span> <span class='ocrx_word' id='word_1_162' title='bbox 775 2361 872 2424; x_wconf 90' lang='lat' dir='ltr'><strong>edita.</strong></span> <span class='ocrx_word' id='word_1_163' title='bbox 915 2361 1182 2443; x_wconf 87' lang='lat' dir='ltr'><strong>Renaudotium,</strong></span> <span class='ocrx_word' id='word_1_164' title='bbox 1207 2368 1265 2449; x_wconf 91' lang='lat' dir='ltr'><strong>qui</strong></span> <span class='ocrx_word' id='word_1_165' title='bbox 1288 2370 1368 2432; x_wconf 91' lang='lat' dir='ltr'><strong>nul·</strong></span> 
     </span>
     <span class='ocr_line' id='line_1_23' title="bbox 277 2445 1366 2538; baseline -0.002 -20"><span class='ocrx_word' id='word_1_166' title='bbox 277 2485 280 2492; x_wconf 62' lang='grc'><strong>’</strong></span> <span class='ocrx_word' id='word_1_167' title='bbox 325 2455 396 2518; x_wconf 88' lang='lat' dir='ltr'><strong>lam</strong></span> <span class='ocrx_word' id='word_1_168' title='bbox 426 2449 569 2516; x_wconf 90' lang='lat' dir='ltr'><strong>Diodori</strong></span> <span class='ocrx_word' id='word_1_169' title='bbox 598 2448 767 2532; x_wconf 85' lang='lat' dir='ltr'><strong>liturgiam</strong></span> <span class='ocrx_word' id='word_1_170' title='bbox 798 2445 900 2510; x_wconf 83' lang='lat' dir='ltr'><strong>fuisse</strong></span> <span class='ocrx_word' id='word_1_171' title='bbox 928 2447 1059 2510; x_wconf 78' lang='lat' dir='ltr'><strong>dixerat</strong></span> <span class='ocrx_word' id='word_1_172' title='bbox 1085 2450 1106 2512; x_wconf 95' lang='lat' dir='ltr'><strong>l.</strong></span> <span class='ocrx_word' id='word_1_173' title='bbox 1131 2452 1151 2514; x_wconf 91' lang='lat' dir='ltr'><strong>l.</strong></span> <span class='ocrx_word' id='word_1_174' title='bbox 1170 2451 1210 2514; x_wconf 90' lang='lat' dir='ltr'><strong>Il.</strong></span> <span class='ocrx_word' id='word_1_175' title='bbox 1234 2477 1268 2538; x_wconf 91' lang='lat' dir='ltr'><strong>p.</strong></span> <span class='ocrx_word' id='word_1_176' title='bbox 1289 2455 1366 2520; x_wconf 81' lang='lat'><strong>569.</strong></span> 
     </span>
     <span class='ocr_line' id='line_1_24' title="bbox 326 2533 1367 2620; baseline -0.002 -14"><span class='ocrx_word' id='word_1_177' title='bbox 326 2540 399 2606; x_wconf 82' lang='lat'><strong>575.</strong></span> <span class='ocrx_word' id='word_1_178' title='bbox 420 2541 494 2604; x_wconf 86' lang='lat'><strong>622.</strong></span> <span class='ocrx_word' id='word_1_179' title='bbox 518 2546 684 2620; x_wconf 81' lang='lat' dir='ltr'><strong>quemque</strong></span> <span class='ocrx_word' id='word_1_180' title='bbox 699 2533 757 2597; x_wconf 70' lang='lat' dir='ltr'><strong>La</strong></span> <span class='ocrx_word' id='word_1_181' title='bbox 780 2534 886 2598; x_wconf 75' lang='lat' dir='ltr'><strong>Crono</strong></span> <span class='ocrx_word' id='word_1_182' title='bbox 906 2534 993 2599; x_wconf 87' lang='lat' dir='ltr'><strong>Hist.</strong></span> <span class='ocrx_word' id='word_1_183' title='bbox 1016 2533 1061 2596; x_wconf 91' lang='lat' dir='ltr'><strong>du</strong></span> <span class='ocrx_word' id='word_1_184' title='bbox 1085 2536 1204 2604; x_wconf 85' lang='lat' dir='ltr'><strong>Christ.</strong></span> <span class='ocrx_word' id='word_1_185' title='bbox 1227 2546 1283 2603; x_wconf 89' lang='lat' dir='ltr'><strong>des</strong></span> <span class='ocrx_word' id='word_1_186' title='bbox 1304 2540 1367 2604; x_wconf 87' lang='lat' dir='ltr'><strong>In-</strong></span> 
     </span>
    </p>
   </div>
   <div class='ocr_carea' id='block_1_5' title="bbox 179 2618 1366 2712">
    <p class='ocr_par' dir='ltr' id='par_1_5' title="bbox 179 2618 1366 2712">
     <span class='ocr_line' id='line_1_25' title="bbox 179 2618 1366 2712; baseline 0.002 -24"><span class='ocrx_word' id='word_1_187' title='bbox 179 2681 182 2688; x_wconf 90' lang='lat'><strong>.</strong></span> <span class='ocrx_word' id='word_1_188' title='bbox 230 2624 236 2638; x_wconf 66' lang='grc'><em>“</em></span> <span class='ocrx_word' id='word_1_189' title='bbox 325 2625 383 2690; x_wconf 89' lang='lat' dir='ltr'><strong>des</strong></span> <span class='ocrx_word' id='word_1_190' title='bbox 407 2625 436 2694; x_wconf 87' lang='grc' dir='ltr'><strong>Ι.</strong></span> <span class='ocrx_word' id='word_1_191' title='bbox 464 2641 498 2712; x_wconf 88' lang='lat' dir='ltr'><strong>p.</strong></span> <span class='ocrx_word' id='word_1_192' title='bbox 521 2627 593 2696; x_wconf 78' lang='lat'><strong>322.</strong></span> <span class='ocrx_word' id='word_1_193' title='bbox 629 2618 698 2707; x_wconf 80' lang='lat' dir='ltr'><strong>(Cf.</strong></span> <span class='ocrx_word' id='word_1_194' title='bbox 733 2621 773 2683; x_wconf 85' lang='lat' dir='ltr'><strong>ei.</strong></span> <span class='ocrx_word' id='word_1_195' title='bbox 805 2621 1013 2706; x_wconf 86' lang='lat' dir='ltr'><strong>Remarques</strong></span> <span class='ocrx_word' id='word_1_196' title='bbox 1047 2643 1104 2686; x_wconf 89' lang='lat' dir='ltr'><strong>sur</strong></span> <span class='ocrx_word' id='word_1_197' title='bbox 1130 2624 1291 2690; x_wconf 87' lang='lat' dir='ltr'><strong>l’histoire</strong></span> <span class='ocrx_word' id='word_1_198' title='bbox 1319 2626 1366 2690; x_wconf 91' lang='lat' dir='ltr'><strong>du</strong></span> 
     </span>
    </p>
   </div>
   <div class='ocr_carea' id='block_1_6' title="bbox 275 2705 1365 2886">
    <p class='ocr_par' dir='ltr' id='par_1_6' title="bbox 275 2705 1365 2886">
     <span class='ocr_line' id='line_1_26' title="bbox 275 2705 1365 2802; baseline -0.002 -24"><span class='ocrx_word' id='word_1_199' title='bbox 275 2740 279 2747; x_wconf 93' lang='lat'>·</span> <span class='ocrx_word' id='word_1_200' title='bbox 326 2711 406 2778; x_wconf 87' lang='lat' dir='ltr'><strong>Chr.</strong></span> <span class='ocrx_word' id='word_1_201' title='bbox 429 2707 486 2774; x_wconf 88' lang='lat' dir='ltr'><strong>des</strong></span> <span class='ocrx_word' id='word_1_202' title='bbox 507 2711 614 2774; x_wconf 90' lang='lat' dir='ltr'><strong>Indes.</strong></span> <span class='ocrx_word' id='word_1_203' title='bbox 641 2705 772 2794; x_wconf 75' lang='lat' dir='ltr'><strong>bHalle</strong></span> <span class='ocrx_word' id='word_1_204' title='bbox 796 2711 890 2771; x_wconf 84' lang='grc'><strong>1787.</strong></span> <span class='ocrx_word' id='word_1_205' title='bbox 906 2705 945 2794; x_wconf 86' lang='lat' dir='ltr'><strong>&#39;p.</strong></span> <span class='ocrx_word' id='word_1_206' title='bbox 965 2708 1028 2802; x_wconf 83' lang='grc'><strong>16.)</strong></span> <span class='ocrx_word' id='word_1_207' title='bbox 1048 2723 1179 2779; x_wconf 82' lang='lat' dir='ltr'><strong>secums</strong></span> <span class='ocrx_word' id='word_1_208' title='bbox 1196 2725 1286 2800; x_wconf 82' lang='lat' dir='ltr'><strong>erat,</strong></span> <span class='ocrx_word' id='word_1_209' title='bbox 1306 2709 1365 2776; x_wconf 55' lang='lat' dir='ltr'><strong>rea</strong></span> 
     </span>
     <span class='ocr_line' id='line_1_27' title="bbox 320 2794 1365 2886; baseline -0.015 -22"><span class='ocrx_word' id='word_1_210' title='bbox 320 2797 449 2870; x_wconf 81' lang='lat' dir='ltr'><strong>sutavit</strong></span> <span class='ocrx_word' id='word_1_211' title='bbox 470 2797 603 2863; x_wconf 82' lang='lat' dir='ltr'><strong>Assem.</strong></span> <span class='ocrx_word' id='word_1_212' title='bbox 624 2796 645 2860; x_wconf 87' lang='lat' dir='ltr'><strong>l.</strong></span> <span class='ocrx_word' id='word_1_213' title='bbox 667 2794 688 2859; x_wconf 94' lang='lat' dir='ltr'><strong>l.</strong></span> <span class='ocrx_word' id='word_1_214' title='bbox 704 2794 762 2856; x_wconf 94' lang='lat' dir='ltr'><strong>lll.</strong></span> <span class='ocrx_word' id='word_1_215' title='bbox 777 2795 799 2860; x_wconf 94' lang='lat' dir='ltr'><strong>l.</strong></span> <span class='ocrx_word' id='word_1_216' title='bbox 822 2817 854 2882; x_wconf 90' lang='lat' dir='ltr'><strong>p.</strong></span> <span class='ocrx_word' id='word_1_217' title='bbox 868 2798 922 2862; x_wconf 86' lang='lat'><strong>29.</strong></span> <span class='ocrx_word' id='word_1_218' title='bbox 939 2800 991 2861; x_wconf 83' lang='lat'><strong>30.</strong></span> <span class='ocrx_word' id='word_1_219' title='bbox 1014 2819 1046 2862; x_wconf 87' lang='lat' dir='ltr'><strong>v.</strong></span> <span class='ocrx_word' id='word_1_220' title='bbox 1062 2808 1102 2860; x_wconf 90' lang='lat' dir='ltr'><strong>et.</strong></span> <span class='ocrx_word' id='word_1_221' title='bbox 1120 2822 1151 2886; x_wconf 90' lang='lat' dir='ltr'><strong>p.</strong></span> <span class='ocrx_word' id='word_1_222' title='bbox 1167 2804 1241 2868; x_wconf 80' lang='lat'><strong>236.</strong></span> <span class='ocrx_word' id='word_1_223' title='bbox 1275 2799 1365 2863; x_wconf 69' lang='lat' dir='ltr'><strong>Ter..</strong></span> 
     </span>
    </p>
   </div>
   <div class='ocr_carea' id='block_1_7' title="bbox 206 2879 1363 2971">
    <p class='ocr_par' dir='ltr' id='par_1_7' title="bbox 206 2879 1363 2971">
     <span class='ocr_line' id='line_1_28' title="bbox 206 2879 1363 2971; baseline 0 -23"><span class='ocrx_word' id='word_1_224' title='bbox 206 2925 209 2928; x_wconf 95' lang='lat'>·</span> <span class='ocrx_word' id='word_1_225' title='bbox 322 2885 370 2948; x_wconf 86' lang='lat' dir='ltr'><strong>tia</strong></span> <span class='ocrx_word' id='word_1_226' title='bbox 386 2881 559 2946; x_wconf 84' lang='lat' dir='ltr'><strong>Theodori</strong></span> <span class='ocrx_word' id='word_1_227' title='bbox 579 2905 598 2944; x_wconf 85' lang='lat' dir='ltr'><strong>a</strong></span> <span class='ocrx_word' id='word_1_228' title='bbox 619 2879 785 2944; x_wconf 89' lang='lat' dir='ltr'><strong>dominica</strong></span> <span class='ocrx_word' id='word_1_229' title='bbox 807 2884 915 2968; x_wconf 77' lang='lat' dir='ltr'><strong>prima</strong></span> <span class='ocrx_word' id='word_1_230' title='bbox 927 2884 1187 2950; x_wconf 86' lang='lat' dir='ltr'><strong>annuntiationis</strong></span> <span class='ocrx_word' id='word_1_231' title='bbox 1202 2908 1306 2971; x_wconf 87' lang='lat' dir='ltr'><strong>usque</strong></span> <span class='ocrx_word' id='word_1_232' title='bbox 1321 2883 1363 2950; x_wconf 88' lang='lat' dir='ltr'><strong>ad</strong></span> 
     </span>
    </p>
   </div>
   <div class='ocr_carea' id='block_1_8' title="bbox 251 2967 1363 3832">
    <p class='ocr_par' dir='ltr' id='par_1_8' title="bbox 251 2967 1363 3832">
     <span class='ocr_line' id='line_1_29' title="bbox 324 2967 1362 3059; baseline 0.006 -28"><span class='ocrx_word' id='word_1_233' title='bbox 324 2967 530 3036; x_wconf 85' lang='lat' dir='ltr'><strong>dominicam</strong></span> <span class='ocrx_word' id='word_1_234' title='bbox 559 2968 750 3030; x_wconf 89' lang='lat' dir='ltr'><strong>Palmarum</strong></span> <span class='ocrx_word' id='word_1_235' title='bbox 781 2967 943 3030; x_wconf 79' lang='lat' dir='ltr'><strong>celebrata</strong></span> <span class='ocrx_word' id='word_1_236' title='bbox 971 2992 1009 3031; x_wconf 88' lang='lat' dir='ltr'><strong>eo</strong></span> <span class='ocrx_word' id='word_1_237' title='bbox 1036 2971 1191 3056; x_wconf 90' lang='lat' dir='ltr'><strong>inprimis</strong></span> <span class='ocrx_word' id='word_1_238' title='bbox 1212 2997 1231 3036; x_wconf 84' lang='lat' dir='ltr'><strong>a</strong></span> <span class='ocrx_word' id='word_1_239' title='bbox 1253 2995 1362 3059; x_wconf 80' lang='lat' dir='ltr'><strong>prima</strong></span> 
     </span>
     <span class='ocr_line' id='line_1_30' title="bbox 268 3051 1363 3144; baseline 0 -22"><span class='ocrx_word' id='word_1_240' title='bbox 268 3115 270 3122; x_wconf 88' lang='grc'><em>,</em></span> <span class='ocrx_word' id='word_1_241' title='bbox 323 3053 457 3134; x_wconf 77' lang='lat' dir='ltr'><strong>differt,</strong></span> <span class='ocrx_word' id='word_1_242' title='bbox 481 3051 570 3138; x_wconf 88' lang='lat' dir='ltr'><strong>quod</strong></span> <span class='ocrx_word' id='word_1_243' title='bbox 591 3053 743 3115; x_wconf 89' lang='lat' dir='ltr'><strong>sacerdos</strong></span> <span class='ocrx_word' id='word_1_244' title='bbox 763 3053 927 3139; x_wconf 85' lang='lat' dir='ltr'><strong>prolixius</strong></span> <span class='ocrx_word' id='word_1_245' title='bbox 947 3055 1104 3138; x_wconf 88' lang='lat' dir='ltr'><strong>loquitur.</strong></span> <span class='ocrx_word' id='word_1_246' title='bbox 1149 3058 1278 3144; x_wconf 86' lang='lat' dir='ltr'><strong>Quarta</strong></span> <span class='ocrx_word' id='word_1_247' title='bbox 1299 3058 1363 3122; x_wconf 90' lang='lat' dir='ltr'><strong>de-</strong></span> 
     </span>
     <span class='ocr_line' id='line_1_31' title="bbox 251 3135 1363 3230; baseline 0.007 -28"><span class='ocrx_word' id='word_1_248' title='bbox 251 3193 255 3202; x_wconf 92' lang='lat'><strong>.</strong></span> <span class='ocrx_word' id='word_1_249' title='bbox 317 3137 426 3226; x_wconf 69' lang='lat' dir='ltr'><strong>¹nique</strong></span> <span class='ocrx_word' id='word_1_250' title='bbox 441 3138 591 3222; x_wconf 86' lang='lat' dir='ltr'><strong>Nestorii</strong></span> <span class='ocrx_word' id='word_1_251' title='bbox 606 3135 791 3204; x_wconf 68' lang='lat' dir='ltr'><strong>Renaudsl.</strong></span> <span class='ocrx_word' id='word_1_252' title='bbox 804 3141 827 3207; x_wconf 91' lang='lat' dir='ltr'><strong>l.</strong></span> <span class='ocrx_word' id='word_1_253' title='bbox 844 3139 888 3208; x_wconf 95' lang='lat' dir='ltr'><strong>ll.</strong></span> <span class='ocrx_word' id='word_1_254' title='bbox 908 3164 941 3228; x_wconf 91' lang='lat' dir='ltr'><strong>p.</strong></span> <span class='ocrx_word' id='word_1_255' title='bbox 958 3147 1020 3208; x_wconf 85' lang='lat'><strong>626</strong></span> <span class='ocrx_word' id='word_1_256' title='bbox 1035 3177 1078 3192; x_wconf 90' lang='lat'><strong>··-</strong></span> <span class='ocrx_word' id='word_1_257' title='bbox 1093 3148 1165 3210; x_wconf 83' lang='lat'><strong>638.</strong></span> <span class='ocrx_word' id='word_1_258' title='bbox 1188 3144 1363 3230; x_wconf 84' lang='lat' dir='ltr'><strong>quinquies</strong></span> 
     </span>
     <span class='ocr_line' id='line_1_32' title="bbox 278 3225 1363 3314; baseline 0 -20"><span class='ocrx_word' id='word_1_259' title='bbox 278 3289 280 3294; x_wconf 91' lang='lat'><strong>.</strong></span> <span class='ocrx_word' id='word_1_260' title='bbox 320 3227 459 3314; x_wconf 81' lang='lat' dir='ltr'><strong>singulis</strong></span> <span class='ocrx_word' id='word_1_261' title='bbox 484 3225 767 3310; x_wconf 55' lang='lat' dir='ltr'><strong>annissselebrata</strong></span> <span class='ocrx_word' id='word_1_262' title='bbox 789 3226 931 3292; x_wconf 88' lang='lat' dir='ltr'><strong>eandem</strong></span> <span class='ocrx_word' id='word_1_263' title='bbox 954 3251 1054 3312; x_wconf 86' lang='lat' dir='ltr'><strong>quam</strong></span> <span class='ocrx_word' id='word_1_264' title='bbox 1069 3231 1240 3308; x_wconf 82' lang='lat' dir='ltr'><strong>Theodori</strong></span> <span class='ocrx_word' id='word_1_265' title='bbox 1259 3229 1363 3294; x_wconf 91' lang='lat' dir='ltr'><strong>indo-</strong></span> 
     </span>
     <span class='ocr_line' id='line_1_33' title="bbox 321 3311 1362 3400; baseline -0.001 -19"><span class='ocrx_word' id='word_1_266' title='bbox 321 3319 388 3383; x_wconf 89' lang='lat' dir='ltr'><strong>lem</strong></span> <span class='ocrx_word' id='word_1_267' title='bbox 412 3311 546 3393; x_wconf 83' lang='lat' dir='ltr'><strong>refert,·</strong></span> <span class='ocrx_word' id='word_1_268' title='bbox 570 3312 632 3375; x_wconf 89' lang='lat' dir='ltr'><strong>nisi</strong></span> <span class='ocrx_word' id='word_1_269' title='bbox 657 3312 744 3394; x_wconf 90' lang='lat' dir='ltr'><strong>quod</strong></span> <span class='ocrx_word' id='word_1_270' title='bbox 764 3314 938 3378; x_wconf 86' lang='lat' dir='ltr'><strong>verbosior</strong></span> <span class='ocrx_word' id='word_1_271' title='bbox 958 3329 1016 3380; x_wconf 89' lang='lat' dir='ltr'><strong>est.</strong></span> <span class='ocrx_word' id='word_1_272' title='bbox 1061 3317 1122 3380; x_wconf 84' lang='lat' dir='ltr'><strong>Est</strong></span> <span class='ocrx_word' id='word_1_273' title='bbox 1142 3319 1277 3400; x_wconf 90' lang='lat' dir='ltr'><strong>quidem</strong></span> <span class='ocrx_word' id='word_1_274' title='bbox 1299 3340 1362 3381; x_wconf 90' lang='lat' dir='ltr'><strong>an-</strong></span> 
     </span>
     <span class='ocr_line' id='line_1_34' title="bbox 278 3399 1360 3494; baseline -0.001 -26"><span class='ocrx_word' id='word_1_275' title='bbox 278 3403 282 3418; x_wconf 82' lang='lat'><em>&#39;</em></span> <span class='ocrx_word' id='word_1_276' title='bbox 322 3405 432 3485; x_wconf 89' lang='lat' dir='ltr'><strong>tiqua,</strong></span> <span class='ocrx_word' id='word_1_277' title='bbox 462 3399 702 3494; x_wconf 49' lang='lat' dir='ltr'><strong>sedsNestori‘o</strong></span> <span class='ocrx_word' id='word_1_278' title='bbox 723 3411 907 3486; x_wconf 81' lang='lat' dir='ltr'><strong>perperam¹</strong></span> <span class='ocrx_word' id='word_1_279' title='bbox 927 3403 1092 3468; x_wconf 88' lang='lat' dir='ltr'><strong>tribuitur.</strong></span> <span class='ocrx_word' id='word_1_280' title='bbox 1143 3405 1360 3487; x_wconf 86' lang='lat' dir='ltr'><strong>Quamquam</strong></span> 
     </span>
     <span class='ocr_line' id='line_1_35' title="bbox 322 3485 1360 3574; baseline -0.002 -20"><span class='ocrx_word' id='word_1_281' title='bbox 322 3513 383 3554; x_wconf 87' lang='lat' dir='ltr'><strong>our</strong></span> <span class='ocrx_word' id='word_1_282' title='bbox 402 3487 465 3550; x_wconf 87' lang='lat' dir='ltr'><strong>hoc</strong></span> <span class='ocrx_word' id='word_1_283' title='bbox 484 3485 611 3550; x_wconf 80' lang='lat' dir='ltr'><strong>sactum</strong></span> <span class='ocrx_word' id='word_1_284' title='bbox 634 3485 693 3561; x_wconf 87' lang='lat' dir='ltr'><strong>sit,</strong></span> <span class='ocrx_word' id='word_1_285' title='bbox 725 3487 860 3569; x_wconf 83' lang='lat' dir='ltr'><strong>vestigia</strong></span> <span class='ocrx_word' id='word_1_286' title='bbox 884 3488 1044 3571; x_wconf 87' lang='lat' dir='ltr'><strong>quaedam</strong></span> <span class='ocrx_word' id='word_1_287' title='bbox 1068 3492 1188 3553; x_wconf 89' lang='lat' dir='ltr'><strong>veteris</strong></span> <span class='ocrx_word' id='word_1_288' title='bbox 1206 3489 1360 3574; x_wconf 84' lang='lat' dir='ltr'><strong>liturgiae</strong></span> 
     </span>
     <span class='ocr_line' id='line_1_36' title="bbox 322 3570 1360 3655; baseline 0 -17"><span class='ocrx_word' id='word_1_289' title='bbox 322 3570 710 3654; x_wconf 81' lang='lat' dir='ltr'><strong>Constantinopolitanae</strong></span> <span class='ocrx_word' id='word_1_290' title='bbox 744 3574 910 3652; x_wconf 88' lang='lat' dir='ltr'><strong>produnt,</strong></span> <span class='ocrx_word' id='word_1_291' title='bbox 948 3597 1033 3655; x_wconf 89' lang='lat' dir='ltr'><strong>quae</strong></span> <span class='ocrx_word' id='word_1_292' title='bbox 1063 3576 1099 3638; x_wconf 90' lang='lat' dir='ltr'><strong>in</strong></span> <span class='ocrx_word' id='word_1_293' title='bbox 1130 3597 1170 3638; x_wconf 89' lang='lat' dir='ltr'><strong>ea</strong></span> <span class='ocrx_word' id='word_1_294' title='bbox 1198 3574 1360 3646; x_wconf 87' lang='lat' dir='ltr'><strong>videntur</strong></span> 
     </span>
     <span class='ocr_line' id='line_1_37' title="bbox 320 3654 1360 3741; baseline -0.004 -14"><span class='ocrx_word' id='word_1_295' title='bbox 320 3659 439 3728; x_wconf 78' lang='lat' dir='ltr'><strong>ine‘sse.</strong></span> <span class='ocrx_word' id='word_1_296' title='bbox 483 3655 553 3720; x_wconf 87' lang='lat' dir='ltr'><strong>Iam</strong></span> <span class='ocrx_word' id='word_1_297' title='bbox 571 3676 647 3718; x_wconf 88' lang='lat' dir='ltr'><strong>cum</strong></span> <span class='ocrx_word' id='word_1_298' title='bbox 662 3654 771 3740; x_wconf 89' lang='lat' dir='ltr'><strong>prim&#39;a</strong></span> <span class='ocrx_word' id='word_1_299' title='bbox 786 3655 843 3718; x_wconf 87' lang='lat' dir='ltr'><strong>illa</strong></span> <span class='ocrx_word' id='word_1_300' title='bbox 858 3667 889 3719; x_wconf 90' lang='lat' dir='ltr'><strong>et</strong></span> <span class='ocrx_word' id='word_1_301' title='bbox 903 3669 1034 3741; x_wconf 86' lang='lat' dir='ltr'><strong>quarta,</strong></span> <span class='ocrx_word' id='word_1_302' title='bbox 1057 3659 1098 3721; x_wconf 94' lang='lat' dir='ltr'><strong>de</strong></span> <span class='ocrx_word' id='word_1_303' title='bbox 1114 3662 1259 3726; x_wconf 87' lang='lat' dir='ltr'><strong>secunda</strong></span> <span class='ocrx_word' id='word_1_304' title='bbox 1272 3660 1360 3724; x_wconf 88' lang='lat' dir='ltr'><strong>nihil</strong></span> 
     </span>
     <span class='ocr_line' id='line_1_38' title="bbox 261 3737 1359 3832; baseline 0.001 -23"><span class='ocrx_word' id='word_1_305' title='bbox 261 3773 264 3781; x_wconf 51' lang='lat'><strong>.</strong></span> <span class='ocrx_word' id='word_1_306' title='bbox 320 3748 507 3832; x_wconf 87' lang='lat' dir='ltr'><strong>loquimur,</strong></span> <span class='ocrx_word' id='word_1_307' title='bbox 521 3741 614 3808; x_wconf 44' lang='lat' dir='ltr'><strong>1falso</strong></span> <span class='ocrx_word' id='word_1_308' title='bbox 633 3743 676 3808; x_wconf 89' lang='lat' dir='ltr'><strong>ad</strong></span> <span class='ocrx_word' id='word_1_309' title='bbox 695 3737 1024 3830; x_wconf 81' lang='lat' dir='ltr'><strong>auctores&#39;quos&#39;dam</strong></span> <span class='ocrx_word' id='word_1_310' title='bbox 1039 3743 1245 3832; x_wconf 85' lang='lat' dir='ltr'><strong>referantur,</strong></span> <span class='ocrx_word' id='word_1_311' title='bbox 1266 3747 1359 3814; x_wconf 87' lang='lat' dir='ltr'><strong>idem</strong></span> 
     </span>
    </p>
   </div>
   <div class='ocr_carea' id='block_1_9' title="bbox 311 3877 530 3896">
    <p class='ocr_par' dir='ltr' id='par_1_9' title="bbox 311 3877 530 3896">
     <span class='ocr_line' id='line_1_39' title="bbox 311 3877 530 3896; baseline -0.018 -2"><span class='ocrx_word' id='word_1_312' title='bbox 311 3886 314 3894; x_wconf 82' lang='grc' dir='ltr'><strong><em>ι</em></strong></span> <span class='ocrx_word' id='word_1_313' title='bbox 326 3877 530 3896; x_wconf 52' lang='lat' dir='ltr'><em>W</em></span> 
     </span>
    </p>
   </div>
   <div class='ocr_carea' id='block_1_10' title="bbox 331 3956 1356 4313">
    <p class='ocr_par' dir='ltr' id='par_1_10' title="bbox 331 3956 1356 4313">
     <span class='ocr_line' id='line_1_40' title="bbox 331 3956 1225 4033; baseline 0.008 -26"><span class='ocrx_word' id='word_1_314' title='bbox 331 4015 334 4022; x_wconf 22' lang='lat'><strong>⁴</strong></span> <span class='ocrx_word' id='word_1_315' title='bbox 371 3963 403 4029; x_wconf 86' lang='lat'><strong>1)</strong></span> <span class='ocrx_word' id='word_1_316' title='bbox 422 3957 492 4012; x_wconf 86' lang='lat' dir='ltr'><strong>Cum</strong></span> <span class='ocrx_word' id='word_1_317' title='bbox 513 3957 603 4012; x_wconf 77' lang='lat' dir='ltr'><strong>fructu</strong></span> <span class='ocrx_word' id='word_1_318' title='bbox 624 3957 658 4014; x_wconf 78' lang='lat' dir='ltr'><strong>cl.</strong></span> <span class='ocrx_word' id='word_1_319' title='bbox 672 3957 703 4010; x_wconf 84' lang='lat' dir='ltr'><strong>de</strong></span> <span class='ocrx_word' id='word_1_320' title='bbox 717 3957 756 4024; x_wconf 83' lang='lat' dir='ltr'><strong>bis</strong></span> <span class='ocrx_word' id='word_1_321' title='bbox 769 3956 863 4028; x_wconf 81' lang='lat' dir='ltr'><strong>Bingb.</strong></span> <span class='ocrx_word' id='word_1_322' title='bbox 880 3957 898 4010; x_wconf 92' lang='lat' dir='ltr'><strong>l.</strong></span> <span class='ocrx_word' id='word_1_323' title='bbox 912 3958 930 4011; x_wconf 91' lang='lat'><strong>1.</strong></span> <span class='ocrx_word' id='word_1_324' title='bbox 945 3957 979 4012; x_wconf 84' lang='lat' dir='ltr'><strong>V.</strong></span> <span class='ocrx_word' id='word_1_325' title='bbox 994 3979 1021 4032; x_wconf 90' lang='lat' dir='ltr'><strong>p.</strong></span> <span class='ocrx_word' id='word_1_326' title='bbox 1037 3962 1095 4016; x_wconf 88' lang='lat'><strong>111.</strong></span> <span class='ocrx_word' id='word_1_327' title='bbox 1109 3981 1148 4033; x_wconf 85' lang='lat' dir='ltr'><strong>sq.</strong></span> <span class='ocrx_word' id='word_1_328' title='bbox 1223 4013 1225 4020; x_wconf 88' lang='grc'>,</span> 
     </span>
     <span class='ocr_line' id='line_1_41' title="bbox 370 4026 1356 4100; baseline 0.005 -20"><span class='ocrx_word' id='word_1_329' title='bbox 370 4031 404 4100; x_wconf 65' lang='grc'><strong>2)·</strong></span> <span class='ocrx_word' id='word_1_330' title='bbox 422 4026 493 4080; x_wconf 80' lang='lat' dir='ltr'><strong>Haeo</strong></span> <span class='ocrx_word' id='word_1_331' title='bbox 512 4029 676 4086; x_wconf 84' lang='lat' dir='ltr'><strong>coniectura,</strong></span> <span class='ocrx_word' id='word_1_332' title='bbox 700 4028 839 4100; x_wconf 84' lang='lat' dir='ltr'><strong>siquidem·</strong></span> <span class='ocrx_word' id='word_1_333' title='bbox 855 4028 1035 4081; x_wconf 84' lang='lat' dir='ltr'><strong>coniecturam</strong></span> <span class='ocrx_word' id='word_1_334' title='bbox 1062 4030 1143 4092; x_wconf 81' lang='lat' dir='ltr'><strong>dicis,</strong></span> <span class='ocrx_word' id='word_1_335' title='bbox 1167 4029 1238 4100; x_wconf 90' lang='lat' dir='ltr'><strong>quod</strong></span> <span class='ocrx_word' id='word_1_336' title='bbox 1257 4049 1306 4100; x_wconf 87' lang='lat' dir='ltr'><strong>per</strong></span> <span class='ocrx_word' id='word_1_337' title='bbox 1328 4051 1356 4085; x_wconf 85' lang='lat' dir='ltr'><strong>se</strong></span> 
     </span>
     <span class='ocr_line' id='line_1_42' title="bbox 371 4096 1354 4172; baseline 0.007 -27"><span class='ocrx_word' id='word_1_338' title='bbox 371 4136 380 4154; x_wconf 74' lang='grc'><em>,</em></span> <span class='ocrx_word' id='word_1_339' title='bbox 422 4104 525 4150; x_wconf 80' lang='lat' dir='ltr'><strong>eertum</strong></span> <span class='ocrx_word' id='word_1_340' title='bbox 547 4105 599 4154; x_wconf 86' lang='lat' dir='ltr'><strong>est,</strong></span> <span class='ocrx_word' id='word_1_341' title='bbox 617 4097 751 4148; x_wconf 83' lang='lat' dir='ltr'><strong>immerito</strong></span> <span class='ocrx_word' id='word_1_342' title='bbox 771 4096 935 4149; x_wconf 86' lang='lat' dir='ltr'><strong>Renandotio</strong></span> <span class='ocrx_word' id='word_1_343' title='bbox 957 4097 975 4149; x_wconf 92' lang='lat' dir='ltr'><strong>l.</strong></span> <span class='ocrx_word' id='word_1_344' title='bbox 997 4097 1014 4149; x_wconf 96' lang='lat' dir='ltr'><strong>l.</strong></span> <span class='ocrx_word' id='word_1_345' title='bbox 1033 4119 1060 4172; x_wconf 84' lang='lat' dir='ltr'><strong>p.</strong></span> <span class='ocrx_word' id='word_1_346' title='bbox 1080 4101 1139 4154; x_wconf 84' lang='grc'><strong>578.</strong></span> <span class='ocrx_word' id='word_1_347' title='bbox 1161 4099 1245 4150; x_wconf 82' lang='lat' dir='ltr'><strong>sutilis</strong></span> <span class='ocrx_word' id='word_1_348' title='bbox 1266 4118 1354 4169; x_wconf 85' lang='lat' dir='ltr'><strong>neque</strong></span> 
     </span>
     <span class='ocr_line' id='line_1_43' title="bbox 412 4163 1353 4238; baseline 0.01 -23"><span class='ocrx_word' id='word_1_349' title='bbox 412 4163 486 4216; x_wconf 79' lang='lat' dir='ltr'><strong>ullis</strong></span> <span class='ocrx_word' id='word_1_350' title='bbox 504 4165 664 4232; x_wconf 82' lang='lat' dir='ltr'><strong>argumentis</strong></span> <span class='ocrx_word' id='word_1_351' title='bbox 682 4163 788 4216; x_wconf 82' lang='lat' dir='ltr'><strong>lundata</strong></span> <span class='ocrx_word' id='word_1_352' title='bbox 803 4165 910 4218; x_wconf 84' lang='lat' dir='ltr'><strong>dieitur.</strong></span> <span class='ocrx_word' id='word_1_353' title='bbox 945 4169 1107 4238; x_wconf 77' lang='lat' dir='ltr'><strong>Argumenta</strong></span> <span class='ocrx_word' id='word_1_354' title='bbox 1124 4166 1201 4222; x_wconf 85' lang='lat' dir='ltr'><strong>credo</strong></span> <span class='ocrx_word' id='word_1_355' title='bbox 1214 4176 1253 4224; x_wconf 79' lang='lat' dir='ltr'><strong>set</strong></span> <span class='ocrx_word' id='word_1_356' title='bbox 1266 4169 1353 4224; x_wconf 74' lang='lat' dir='ltr'><strong>multa</strong></span> 
     </span>
     <span class='ocr_line' id='line_1_44' title="bbox 422 4229 1161 4313; baseline 0.003 -27"><span class='ocrx_word' id='word_1_357' title='bbox 422 4229 628 4313; x_wconf 77' lang='lat' dir='ltr'><strong>suppeditabunt</strong></span> <span class='ocrx_word' id='word_1_358' title='bbox 648 4232 713 4288; x_wconf 81' lang='lat' dir='ltr'><strong>rarii</strong></span> <span class='ocrx_word' id='word_1_359' title='bbox 727 4233 946 4290; x_wconf 79' lang='lat' dir='ltr'><strong>Nestorlanorum</strong></span> <span class='ocrx_word' id='word_1_360' title='bbox 958 4233 1021 4290; x_wconf 87' lang='lat' dir='ltr'><strong>libri</strong></span> <span class='ocrx_word' id='word_1_361' title='bbox 1035 4234 1161 4298; x_wconf 70' lang='lat' dir='ltr'><strong>missales.</strong></span> 
     </span>
    </p>
   </div>
   <div class='ocr_carea' id='block_1_11' title="bbox 0 0 1462 5228">
    <p class='ocr_par' dir='ltr' id='par_1_11' title="bbox 0 0 1462 5228">
     <span class='ocr_line' id='line_1_45' title="bbox 0 0 1462 5228; baseline 0 0"><span class='ocrx_word' id='word_1_362' title='bbox 0 0 1462 5228; x_wconf 95' lang='lat' dir='ltr'><strong> </strong></span> 
     </span>
    </p>
   </div>
  </div>
 </body>
</html>
