2938 5240
1134 453 1158 521 9

93 621 259 712 ¹epistola
284 643 416 722 summo
443 639 576 697 oratore
605 630 706 720 digne
731 627 910 722 praeclaris
929 636 1104 704 sententiis
1120 650 1170 706 'et

117 727 304 814 praeceptis
331 729 495 817 abundat,
531 746 673 826 utraque
713 737 836 802 amoris
860 731 899 801 'et
925 739 1157 808 sollicitudinis

117 827 217 913 plena
244 829 279 894 et
307 829 524 916 quantumvis
556 839 724 918 dissimilis
744 838 786 904 ad
805 841 1076 928 persuadendum
1098 868 1157 910 ec-

116 933 430 1003 oommodatissima.
474 940 529 1006 Ac
558 943 666 1032 priori
697 942 833 1030 quidem
854 937 1157 1032 quid'speotaverit

114 1031 188 1120 ipse
215 1039 278 1104 sub
307 1039 378 1103 eiu's
407 1036 474 1106 fine
501 1043 551 1110 his
579 1044 656 1114 fere·
675 1045 788 1110 verbis
810 1044 977 1112 enuntiat:
1020 1050 1095 1115 Scio
1121 1062 1155 1114 te

113 1149 248 1222 peccata
268 1151 327 1206 tua
348 1143 504 1212 confiteri
525 1154 625 1232 teque
651 1147 879 1223 miserrimum
902 1149 1072 1236 arbitrari,
1095 1151 1155 1217 sed
1257 1219 1262 1226 ,

113 1238 225 1354 maius
245 1242 324 1326 quid
348 1247 501 1331 requiro,
518 1261 558 1314 ut
579 1249 644 1315 tibi·
656 1250 886 1338 persuadeas„
910 1261 943 1316 te
963 1271 1048 1318 vera
1068 1276 1156 1341 poe-

113 1344 254 1409 nitentia
267 1343 438 1416 iustificari
452 1373 557 1439 posse.
589 1353 770 1420 Theodoro
786 1353 889 1439 igitur
901 1349 1050 1441 proinde
1060 1355 1156 1440 quasi

111 1457 330 1530 peccatorum
350 1473 490 1520 suorum
511 1457 710 1542 gravitatem
731 1457 1003 1546 persentisceret,
1026 1444 1155 1546 probe-
1233 1527 1236 1538 ,
1299 1439 1324 1504 ⁴*

112 1545 180 1630 vit,
201 1571 272 1616 non
293 1576 382 1636 esse,
414 1558 503 1641 quod
532 1560 681 1625 animum
705 1560 937 1650 *desponderet
957 1559 1054 1646 eique
1074 1581 1155 1647 gre-·

112 1648 210 1716 vibus
243 1658 449 1748 argumentis
478 1659 567 1726 vitae
594 1661 862 1729 emendationem
888 1664 1153 1733 commendavit.
1205 1663 1207 1666 ’
1322 1659 1325 1664 ’
1358 1705 1362 1716 ,

110 1750 334 1821 Brevioresr
362 1759 467 1838 altero
494 1762 653 1847 epistole,
693 1783 759 1848 qua
786 1763 851 1828 hoc
878 1763 1045 1850 imprimis
1075 1767 1152 1851 egit,

111 1863 151 1919 ut
169 1856 293 1924 'onmia
327 1859 485 1943 dilueret,
527 1862 649 1948 quibus
685 1864 886 1930 Theodorus
916 1866 1035 1932 initam
1063 1865 1153 1932 vitae

91 1953 190 2020 'suae
218 1958 386 2030 rationem
415 1977 590 2032 excusaret
618 1978 677 2035 aut
702 1965 910 2038 defenderet·
952 1970 1153 2058 Chrysosto-

108 2079 204 2124 mum
225 2084 301 2149 spes
321 2089 389 2130 uon
405 2066 535 2133 fefellit.
579 2069 779 2149 Theodorus
795 2072 886 2138 enim
905 2071 1027 2138 iterum
1044 2070 1152 2140 victus

1 2233 2 2242 χ
108 2160 217 2228 amico
240 2168 336 2232 cessit
359 2182 392 2235 et
412 2171 448 2236 in
470 2171 708 2240 monasterium
729 2173 842 2240 rediit.

212 2286 284 2351 Iam
307 2285 348 2352 ad
372 2311 411 2354 ea
434 2298 589 2377 tempora
610 2282 816 2373 accedimus,
840 2289 960 2376 quibus
981 2310 1050 2356 una
1071 2311 1150 2355 cum

109 2389 352 2478 chrysostomo
374 2414 409 2456 se
430 2403 521 2456 totns
540 2391 693 2458 Diodoro
711 2392 795 2458 duce
809 2391 910 2458 saeris
922 2390 1046 2475 literis,
1068 2413 1152 2457 exe·
1211 2417 1213 2420 ·

106 2493 222 2577 geticis
236 2493 407 2580 inprimis,
438 2492 535 2560 dabat
550 2493 586 2576 ¹).
629 2495 688 2562 Ad
700 2493 843 2560 Diodori
858 2489 889 2580 ²)
905 2502 1016 2560 autem
1030 2515 1151 2560 exem-

106 2595 204 2682 plum
230 2621 266 2660 se
293 2593 340 2662 ita
368 2595 615 2682 conformavit,
644 2612 682 2678 ut
702 2597 912 2684 Leontius³)
929 2595 1038 2660 ‘illum
1059 2593 1150 2660 haud
1228 2585 1233 2604 ⁹
1285 2589 1296 2678 J

107 2698 222 2786 inepte
258 2697 427 2766 malorum
463 2701 638 2767 Theodori
680 2714 714 2767 et
746 2685 943 2783 im'pietatis'
964 2708 1149 2780 auctorem,

107 2797 226 2864 ducem
255 2794 289 2864 et
317 2813 447 2888 patrem
478 2803 613 2867 dixerit.
658 2802 892 2885 Quamquam,
922 2809 961 2862 ut
982 2819 1044 2884 par
1066 2809 1149 2882 erat,

35 2953 43 2964 .
105 2900 332 2993 praeceptoris
354 2901 493 2989 vestigia
514 2926 584 2970 non
605 2902 804 2992 impressit,
830 2913 868 2968 ut
882 2901 965 2968 nihil
978 2891 1148 2990 peculiare
1243 2921 1247 2930 ⁴

108 3077 305 3094 *⁸—

208 3211 249 3264 gr.
270 3207 393 3247 monum.
416 3190 466 3245 111.
483 3211 511 3264 p·
529 3193 589 3252 344.
604 3210 664 3266 squ.
698 3191 805 3246 Iuvenis
818 3208 834 3244 a
849 3189 1061 3244 Nestorianismo
1075 3186 1147 3242 haud
1214 3209 1218 3232 ι

208 3276 307 3346 procul
329 3276 415 3328 abluit
433 3276 469 3335 ef.
489 3275 614 3336 Galland.
636 3275 706 3332 bibl.
717 3275 779 3334 llll.
796 3294 824 3346 p.
838 3273 900 3329 685.
914 3275 974 3328 689.
986 3309 998 3332 a
1010 3281 1072 3344 post
1084 3291 1146 3325 vero

208 3359 381 3414 orthodoxam
402 3360 549 3415 doctrinam
569 3370 625 3414 toto
644 3362 735 3416 animo
748 3358 886 3432 amplexus
899 3366 947 3412 est.
982 3356 1047 3412 Obii
1073 3355 1146 3410 haud

207 3445 296 3498 multo
309 3455 370 3518 post
385 3445 493 3500 initium
506 3465 574 3506 saec.
587 3445 649 3500 vll.
667 3446 702 3501 ei.
717 3443 736 3499 l.
752 3446 772 3499 l.
789 3465 817 3518 p.
831 3445 892 3500 641.
919 3441 982 3496 Fuit
995 3443 1035 3508 vir
1066 3440 1144 3496 oclis-

207 3527 292 3592 simus
306 3540 332 3582 el
343 3531 464 3598 subtilis,
482 3531 513 3584 de
528 3550 582 3603 quo
598 3529 812 3604 vulgoiniquius
825 3529 954 3584 indicant.
986 3527 1069 3597 Frugi
1083 3537 1146 3580 sent
1230 3556 1235 3572 ·
1274 3521 1276 3528 ’

207 3614 264 3670 eius
283 3615 346 3668 libri
370 3616 415 3670 sed
435 3636 464 3670 ex
484 3627 559 3690 parte
577 3627 603 3670 et
619 3617 675 3670 fere
693 3616 776 3671 detine
799 3605 904 3669 lanium
926 3610 997 3666 editi.
1032 3611 1146 3667 Collecti
1196 3663 1204 3674 ,

207 3701 331 3773 notisque
351 3701 476 3758 illustrati
497 3702 525 3756 in
537 3701 660 3756 Galland.
680 3703 746 3756 bibl.
759 3702 793 3754 T.
807 3700 869 3755 XII.
886 3700 1020 3770 leguntur.
1056 3696 1145 3750 Pauca

206 3782 311 3842 Leontii
322 3805 410 3861 nuper
422 3787 490 3860 Aug.
505 3787 596 3845 Maius
611 3786 630 3840 l.
645 3786 664 3842 l.
678 3787 710 3841 T.
724 3785 746 3840 Ι.
759 3786 864 3860 primns
878 3782 979 3856 publici
993 3779 1059 3834 iuris
1073 3779 1144 3834 fecit.

156 3883 183 3953 ¹)
201 3880 245 4022 (ξι
264 3883 423 3944 Theodoret.
441 3887 469 3944 h.
488 3907 512 3944 e.
530 3889 555 3953 5,
574 3889 618 3948 39.
652 3887 755 3968 Dorou.
779 3895 824 3960 ep.
843 3885 904 3938 Fac.
921 3884 946 3946 8,
966 3881 993 3937 5.
1027 3873 1085 3936 1'0l.
1098 3899 1142 3953 ap.
1229 3869 1232 3876 ’

230 3985 270 4024 ac.
285 3973 312 4036 2,
329 3974 356 4026 2.
516 3973 519 3981 ‘

153 4064 187 4134 2)
203 4065 246 4122 De
261 4068 385 4126 Diodoro
397 4095 422 4127 v.
433 4091 502 4148 qnae
515 4073 644 4148 congessit
656 4071 679 4128 F
679 4069 761 4128 sbrie.
775 4069 795 4125 l.
808 4069 827 4124 l.
842 4067 918 4126 Vlll.
937 4085 963 4140 P·
978 4066 1030 4128 3⁶²
1044 4081 1104 4136 Ψ·
1136 4033 1148 4158 ,1

154 4165 188 4235 6)
205 4165 239 4225 V·
259 4167 278 4225 l.
297 4187 322 4229 c.
340 4189 368 4244 p.
383 4175 443 4232 686.
