2916 5230
342 576 409 646 lld
438 676 441 693 Ι

342 785 420 854 oum
442 757 546 844 dixit,
582 758 748 828 Ebediesu
774 759 796 826 l.
822 783 850 826 c.
877 783 910 850 p.
933 767 988 832 33.
1023 771 1155 830 tomum
1182 762 1224 830 do
1249 763 1374 832 armni.

344 859 432 1020 (ilii
455 877 539 991 W2?
570 875 684 988 iiiii-'³
720 933 755 978 V·
783 921 825 978 el·
852 911 876 976 l·
908 934 937 979 0·
960 912 999 1001 t'p.
1020 911 1094 981 342,
1124 900 1264 980 ¹'Minus
1288 925 1374 980 recte

341 1079 519 1148 Arteman·
550 1035 618 1160 itii
634 1045 718 1158 bb?
742 1073 785 1142 de
807 1076 1090 1177 sacramentis
1112 1039 1273 1148 mm
1287 1077 1373 1164 int),

340 1199 539 1284 Theodorus
566 1235 699 1280 senex
728 1209 861 1298 scripsit
886 1209 928 1276 of.
951 1211 1101 1301 Hesych.
1118 1213 1196 1279 l.¹c.
1218 1213 1376 1281 Brevissi-

339 1340 440 1384 mum·
456 1316 547 1384 tertii
569 1315 690 1381 decimi
711 1313 791 1378 libri
809 1311 1055 1398 fragmentum,
1085 1339 1152 1402 quo
1176 1319 1293 1384 Paulus
1313 1319 1375 1382 Se-

242 1413 244 1420 ’
338 1409 529 1488 mosetends
556 1405 615 1502 q'ui
645 1414 814 1482 Christum
845 1437 969 1504 purum
999 1417 1173 1486 hominem
1202 1419 1373 1500 habuisset,
1423 1407 1424 1410 ¹

339 1527 476 1610 angelus
503 1519 628 1586 diaboli
650 1509 788 1601 dicitdr,
819 1519 927 1585 attulit
947 1521 1025 1586 Fac.
1046 1521 1069 1587 l.
1088 1521 1111 1588 l.
1132 1535 1166 1587 et
1190 1522 1375 1611 Hesychius

339 1625 381 1692 ad
408 1625 482 1690 illos
504 1622 685 1712 respiciens
712 1622 971 1712 praesumpsisse
999 1648 1077 1691 eum
1105 1637 1221 1692 narret
1246 1627 1374 1712 „libros

338 1751 541 1816 componere
563 1726 723 1793 adversus
741 1725 881 1792 Domini
900 1706 965 1794 D'ei
984 1729 1264 1816 apparitionem.“
1305 1732 1374 1797 Ne-

339 1854 405 1916 que
426 1852 510 1898 vero
533 1827 576 1894 de
596 1829 828 1894 incarnatione
850 1830 960 1894 solum
982 1829 1048 1896 illis
1071 1833 1164 1898 libris
1186 1833 1375 1924 expositum

337 1933 440 2000 fuisse
462 1930 636 2013 existimo,
658 1930 774 1998 sedin
797 1929 994 1998 uuiversum
1015 1933 1056 1998 de
1079 1936 1208 2002 arcanis
1225 1936 1376 2002 christia·

337 2035 402 2100 nis.
447 2033 512 2101 Cui
539 2036 728 2101 sententiae
758 2059 797 2100 eo
820 2035 976 2100 nonnihil
998 2040 1294 2106 commendationis
1316 2037 1375 2104 ad-

336 2137 469 2216 iicitur,
499 2135 588 2216 quod
611 2137 747 2202 Simeon
770 2136 879 2224 presb.
903 2152 937 2204 et
957 2144 1112 2210 monach.
1134 2145 1270 2209 Nestor.
1294 2163 1375 2226 saec.

337 2237 437 2303 Xlll.
466 2235 631 2300 nonnulla
660 2238 701 2338 de
731 2259 824 2298 sacra
851 2261 956 2300 coena
985 2255 1018 2304 et
1047 2245 1246 2328 baptismate
1272 2243 1378 2311 refert

338 2338 537 2408 cf.·Assem.
567 2337 645 2405 bibl.
677 2359 724 2400 or.
749 2333 855 2398 111.1.
882 2357 915 2422 p.
936 2339 1030 2421 568„
1065 2359 1149 2422 quse
1176 2345 1377 2412 Theodorus

249 2485 252 2496 '
336 2491 375 2560 in
394 2489 481 2568 libro
504 2486 545 2552 de
566 2484 745 2576 profundis
768 2451 1009 2588 (QQ),
1033 2489 1091 2577 qui
1114 2491 1236 2576 nullusv
1251 2494 1316 2562 nisi
1336 2495 1374 2562 de

247 2661 251 2670 ,
335 2647 405 2713 quo
425 2643 538 2690 sermo
557 2633 623 2703 est,
645 2645 715 2686 esse
732 2609 863 2708 polest,
888 2620 1039 2686 docuisse
1051 2623 1256 2711 perhibetur.
1299 2631 1375 2704 Nu·¹

336 2751 394 2816 ges
425 2725 562 2813 quidem
590 2721 692 2792 arten
721 2750 741 2790 a
767 2725 950 2794 Theodoro
976 2725 1046 2804 vix,
1066 2727 1260 2818 profectasz'
1282 2731 1374 2824 panis

334 2825 545 2896 eucharistici
579 2849 599 2892 a
633 2827 769 2892 Christo
796 2829 834 2893 in
866 2852 970 2896 coena
998 2834 1182 2898 consecrati
1208 2835 1374 2923 particulis

332 2930 471 3024 singulis
490 2929 646 3016 apostolis
666 2928 851 2995 distributis
868 2932 977 2996 solum
988 2931 1172 3002 Iohannem
1188 2959 1373 3030 suampar·

231 3049 234 3054 '
334 3035 472 3102 dentem
492 3051 598 3118 usque
615 3029 660 3110 ad
674 3031 891 3100 Pentecosten
911 3057 1143 3120 conservasse,
1164 3065 1208 3108 ex
1224 3067 1289 3132 qua
1302 3056 1373 3110 tun·

249 3121 251 3128 ¹
335 3163 438 3230 quam
460 3159 505 3204 ex
532 3133 699 3201 fermento
728 3135 870 3224 apostoli
892 3157 1015 3226 penem
1039 3142 1279 3234 coniecissent,
1307 3171 1370 3236 quo

333 3246 483 3336 primam
510 3239 677 3324 liturgiam
704 3238 743 3304 iu
768 3240 948 3307 coenaculo
968 3245 1184 3314 celebrarent.
1228 3255 1282 3320 lta
1304 3252 1371 3318 fer-

333 3357 489 3413 mentum
518 3363 648 3410 sacrum
681 3363 726 3406 ex
752 3365 821 3408 uno
847 3342 884 3409 in
912 3346 1055 3414 alterum
1077 3374 1199 3439 panem
1222 3355 1372 3423 euchari·

335 3450 456 3516 sticum
477 3469 538 3536 per
562 3445 716 3514 Adaeum
747 3456 780 3509 et
799 3446 922 3514 Marim
945 3453 1172 3541 apostolorum
1195 3457 1370 3548 discipulos

333 3552 377 3620 ad
399 3551 500 3640 Syros
522 3547 700 3612 orientales
713 3547 925 3632 traductum‚'
936 3555 1032 3634 quod
1048 3561 1253 3625 sanctissime
1267 3585 1370 3628 asser-

333 3665 444 3734 vetur.
480 3643 592 3720 romb
614 3669 752 3735 aquam,
773 3673 858 3746 quae
879 3675 924 3718 ex
937 3653 1040 3722 latere
1056 3657 1178 3727 Christi
1190 3663 1370 3732 effluxisset

336 3761 379 3826 db
410 3756 560 3823 Iohunne
594 3755 629 3820 in
660 3775 761 3819 urceo
788 3755 962 3824 collectam
996 3757 1201 3829 fermentum
1231 3769 1368 3834 alterum

338 3883 442 3948 aquae
473 3858 674 3946 baptismalis
709 3857 811 3924 fuisse
844 3870 877 3923 et
904 3861 947 3925 ab
982 3863 1101 3930 eodem
1130 3867 1249 3936 Adaeo
1276 3871 1367 3959 Syris

338 3961 552 4034 orientalibus
581 3961 773 4046 traditam,
809 3963 867 4028 sed
895 3963 966 4028 sive
992 3966 1079 4034 liber
1104 3985 1281 4060 corruptus
1310 3985 1365 4054 est,

336 4073 427 4148 sive,
455 4065 544 4132 idem
571 4065 661 4131 enim
686 4063 768 4160 illud
795 4062 868 4154 ipse
895 4065 1060 4136 Iohannes
1084 4075 1214 4140 tradere
1236 4075 1364 4158 dicitur,

330 4174 426 4240 male
451 4167 655 4250 intellectus,
688 4171 725 4232 in
753 4190 795 4232 eo
822 4168 866 4234 de
894 4175 1109 4241 sacramentis
1136 4175 1235 4244 etium
1256 4201 1363 4246 sermo

212 4249 235 4279 ’ἢ
330 4275 411 4346 tuit.
432 4365 435 4379 .
457 4275 616 4342 Ceterum
642 4271 838 4342 Nestoriani
865 4277 1067 4364 posteriores
1093 4279 1130 4346 iu
1158 4282 1280 4351 multas
1300 4303 1363 4348 nu-
