2916 5230
1053 469 1118 539 125

70 695 109 758 in
132 685 266 756 tertiam
295 675 415 742 cadere
435 669 521 736 male
541 659 729 730 concludas.
771 651 860 720 Illud
872 649 962 718 enim
974 673 1044 716 non
1057 671 1119 714 nn·

73 778 147 865 gati
169 783 251 838 sunt
267 761 482 840 Nestorium,
503 757 574 819 imo
591 749 725 817 facilem
740 761 892 808 errorem
903 739 1119 802 admiserunt.

73 859 241 947 Vulgaris
264 853 324 917 illa
352 862 386 912 et
411 869 432 909 a
450 841 767 932 patribusjacccpta
793 826 929 910 liturgia
955 824 1051 888 facile
1077 823 1119 886 ab

73 946 256 1038 apostolis,
286 940 391 1001 altera
410 929 545 994 aliunde
568 936 605 987 ut
624 919 759 984 videtur
780 913 876 978 allata
893 910 988 974 facile
1011 909 1121 972 eNe-

44 1085 48 1092 -
74 1035 186 1103 storio
210 1025 363 1122 repetita.
385 1013 473 1080 ¹Sed
500 1035 576 1076 cnm
601 1005 819 1073 Theodorum
838 997 1005 1081 liturgiam
1024 1016 1121 1058 com·

105 1123 234 1186 osuisse
264 1116 413 1185 constet,
451 1123 512 1184 ego
539 1096 673 1180 quidem
702 1091 794 1153 illam
821 1085 864 1150 ei.
879 1081 1121 1168 adscripserim.

72 1255 75 1258 ·
116 1211 184 1274 ltra
214 1215 328 1266 tamen
348 1189 615 1280 probabilitatem
641 1174 797 1265 progredi
818 1193 887 1235 non
905 1171 1021 1233 audeo.
1065 1168 1122 1230 Ex

77 1299 217 1362 interna
230 1283 384 1366 liturgiae
397 1273 509 1342 indole
524 1274 608 1335 banc
622 1266 659 1329 in
671 1283 742 1326 rem
756 1259 839 1322 nihil
854 1255 1009 1320 efficitur.
1031 1253 1122 1327 Nam

78 1395 120 1448 ut
149 1379 191 1440 dc
212 1374 328 1455 lingua
355 1366 492 1438 adeam,
527 1354 679 1419 doctrina
704 1349 740 1410 in
762 1343 856 1408 libris
878 1339 1040 1425 liturgicis
1059 1359 1122 1402 nec

81 1459 274 1551 dogmatica
300 1447 534 1540 perspicuitate
562 1437 754 1504 enucleatur
781 1451 890 1512 neque
914 1451 954 1491 ea
980 1425 1123 1490 affertur

81 1556 149 1620 nisi
164 1544 298 1633 quaein
314 1548 430 1614 coetu,
451 1533 506 1596 cui
519 1525 672 1592 destinati
683 1530 779 1596 sunt,
800 1525 936 1600 recepta
949 1525 1015 1576 est.¹
1049 1513 1125 1577 Ne·

82 1631 292 1706 storianismi
309 1635 423 1700 antem
441 1615 562 1682 indicia
579 1607 754 1676 manifesta
769 1625 838 1668 non
852 1605 960 1664 solum
974 1597 1126 1664 Nestorii

82 1728 143 1792 illa
160 1718 314 1802 liturgia,
339 1723 378 1774 ut
392 1702 543 1774 Renaud.
558 1702 581 1765 l.
598 1701 620 1762 1.
634 1720 665 1783 p.
676 1693 752 1757 643.
767 1687 840 1754 644.
862 1687 1044 1762 existimat,
1066 1685 1125 1746 sed

33 1819 38 1831 '
83 1811 238 1894 reliquae
259 1804 362 1876 etiam
384 1793 574 1872 continent,
595 1808 635 1850 ea
654 1779 833 1862 nimirum,
862 1795 947 1860 quae
968 1773 1004 1836 in
1025 1771 1126 1834 litur-

11 1911 15 1926 '
85 1901 157 1988 gias
170 1892 291 1962 cadere
303 1891 443 1972 possunt
456 1877 498 1964 ¹).

83 2047 293 2071 W

140 2137 168 2206 1)
187 2134 221 2188 ln
239 2150 266 2182 s.
285 2091 325 2180 lii.
347 2119 437 2177 theod.
456 2137 484 2190 p.
501 2113 563 2172 621.
597 2103 656 2170 „Et
673 2102 761 2155 veniat
779 2117 862 2171 snper
879 2114 929 2150 nos
945 2105 970 2148 et
983 2111 1064 2164 super
1077 2092 1127 2146 01).

193 2199 323 2256 lationem
347 2194 415 2246 hanc
439 2187 522 2258 gratia
549 2180 597 2248 Sp·
619 2175 647 2227 S.
676 2173 829 2241 habitetque
858 2177 883 2219 et
905 2164 1027 2218 illabatur
1045 2179 1129 2228 super

195 2264 423 2346 panemh'uncet
437 2275 519 2334 super
533 2251 644 2321 calicem
656 2243 731 2293 hune
743 2237 931 2345 benedicatpue
946 2239 972 2280 ct
985 2227 1130 2307 sanctificet

195 2349 225 2386 et
237 2337 359 2395 obsignes
372 2329 433 2374 ilios
449 2339 477 2371 in
494 2327 604 2369 nonnae
612 2307 709 2381 'PQF-
724 2318 750 2352 et
761 2305 866 2376 &fg->n
901 2306 1131 2368 atquepanrsper
1178 2341 1181 2352 .

212 2401 324 2450 irtutem
344 2385 462 2440 nominis
485 2381 540 2440 tui,
557 2389 649 2450 panis,
667 2387 795 2438 inquam,
810 2375 858 2416 rste
871 2382 971 2444 corpus
983 2383 1004 2416 s.
1017 2364 1129 2419 Domini
1218 2391 1221 2404 ·

194 2460 283 2522 nostri
304 2457 364 2508 lesu
384 2449 485 2504 Christi
506 2457 531 2499 et
543 2443 609 2496 calix
623 2450 671 2490 rste
685 2437 790 2506 sanguis
805 2434 915 2486 Domini
929 2433 1013 2486 nostri
1028 2433 1049 2486 l.
1064 2433 1129 2489 Chr.

196 2541 256 2580 ...ι’
273 2526 318 2596 (οἱ.
337 2521 439 2576 Theod.
454 2521 482 2570 in
496 2510 600 2568 Possini
616 2517 665 2560 cat·
680 2507 706 2558 in
719 2503 815 2558 Matth.
835 2521 862 2573 p·
876 2505 947 2573 350.)
965 2515 989 2556 et
1002 2501 1040 2554 lit.
1055 2501 1130 2555 Ncst.
1239 2489 1246 2512 ⁴

195 2600 300 2678 pfigg·
334 2593 391 2654 „Et
417 2589 502 2641 veniat
524 2579 639 2656 Domine
658 2575 737 2645 gratia
759 2574 806 2644 Sp.
828 2575 855 2626 S.
877 2572 1028 2646 habitetque
1048 2582 1073 2623 et
1091 2589 1131 2624 re·

221 2671 319 2722 uiescat
341 2678 422 2732 super
440 2655 601 2709 oblationem
619 2643 689 2698 hanc
710 2662 790 2716 quarn
810 2641 948 2692 olfecimus
963 2659 1052 2694 coram
1068 2649 1091 2692 te
1105 2650 1132 2693 et

200 2735 347 2795 sanctificet
368 2747 425 2781 eam
445 2737 474 2778 et
493 2723 571 2776 l'aciat
586 2735 656 2773 earn,
673 2730 768 2785 panem
784 2710 884 2764 scilicet
898 2721 923 2762 et
935 2709 1044 2764 calicem
1058 2707 1133 2765 hune

199 2823 300 2876 corpus
325 2796 524 2866 etrsanguinem
546 2785 656 2842 Domini
678 2782 762 2835 nostri
785 2782 844 2834 lesu
867 2777 979 2844 Christi,
1003 2790 1132 2834 transmu-

197 2887 271 2934 ωηο
290 2891 319 2923 0³
338 2879 364 2920 re
382 2877 407 2917 et
424 2884 453 2917 ea
472 2859 648 2926 sanctificante
665 2872 712 2925 per
725 2850 905 2922 operationem
919 2848 966 2920 Sp.
982 2845 1027 2900 S.“
1041 2845 1133 2920 depre·

199 2943 299 3002 hendas
313 2954 374 2991 cave
387 2931 609 2987 cum'Renandot.
626 2925 675 2976 1.Ι.
694 2923 715 2973 1.
734 2922 829 2988 11263.
846 2918 882 2971 11.
899 2937 926 2999 p.
943 2920 1002 2974 625.
1019 2916 1133 2988 aliisque

143 3043 149 3048 .
222 3009 349 3067 omificiie
375 3002 537 3074 pontificiam
557 2998 589 3049 de
608 3012 681 3046 sacra
700 3009 781 3043 coena
798 2998 952 3041 sententiam
969 2986 1002 3041 cl.
1022 2986 1044 3039 l.
1063 2985 1134 3043 liud.

198 3038 329 3146 iliesling.
347 3073 408 3126 hist.
428 3080 542 3124 concert.
563 3066 688 3118 Graecbr.
704 3061 914 3128 Latinorumque
933 3054 964 3106 de
978 3055 1135 3108 transsubst.

199 3155 273 3221 Dp&
299 3143 374 3200 1754,
392 3145 417 3197 g,
440 3159 468 3211 p,
488 3140 530 3193 54,
554 3152 612 3206 squ.
647 3129 717 3181 illud
737 3135 917 3179 commentum
936 3142 951 3174 a
973 3121 1135 3176 Nestorianis

202 3222 336 3278 alienum,
354 3211 401 3262 2151
422 3227 477 3278 quo
496 3204 599 3276 gravius
618 3197 735 3270 mysterii
755 3201 806 3246 vini
820 3191 988 3244 enuntiarent
1001 3192 1136 3246 interdum

202 3288 264 3342 331¹„
283 3281 405 3352 ambigue
425 3279 507 3330 locuti
527 3282 603 3332 sunt,
627 3282 657 3320 ut
675 3279 769 3317 veteres
790 3261 902 3325 Graeci,
925 3259 959 3314 ci.
978 3274 1002 3315 v.
1022 3279 1046 3315 c.
1070 3260 1134 3314 leid.

203 3358 293 3412 Pelas.
311 3348 434 3416 «Ὠσπερ.
449 3345 481 3400 τὸ
507 3341 586 3411 σῶμα
614 3335 663 3392 τοῦ
688 3334 779 3406 κυρίου
799 3329 938 3385 ὑποπεσὸν
962 3332 1020 3387 eois
1043 3327 1136 3386 sidonios

203 3425 253 3482 τοῦ
275 3419 341 3490 ᾅδου
358 3415 470 3488 φθοράν
485 3415 537 3483 μὲν
552 3405 701 3476 τηνικαῦτα
718 3401 845 3466 ἐδέξατο,
862 3397 1022 3469 διαφθορὰν
1039 3397 1068 3453 dl
1085 3397 1135 3454 οὗτε
1184 3449 1190 3464 ,

200 3493 289 3562 elder.
312 3485 381 3542 citor
404 3488 450 3538 καὶ
473 3485 522 3536 νῦν
545 3475 611 3534 αὐτὸ
635 3475 667 3529 τὸ
684 3472 762 3538 σῶμα
780 3468 829 3524 τοῦ
845 3474 935 3540 κυρίου
953 3471 1009 3524 eois
1025 3465 1150 3524 ὀδοῦσιν-

203 3563 363 3617 ὗπυπίπτον
391 3559 448 3609 τοῖς
480 3552 620 3620 ‚pretam
645 3543 757 3612 edendo
781 3541 832 3608 μὲν
855 3537 953 3606 ipsine
974 3534 1134 3606 ὑφίσταται,

206 3624 366 3697 transnanto
390 3620 418 3676 δὲ
447 3617 495 3674 οὐκ
516 3617 599 3686 ἔγνω,
630 3609 686 3664 ἀλλ’
708 3609 808 3663 ευθέως
832 3605 1075 3674 υἷφθαρτιζὸμενυυ
1100 3605 1136 3676 eii

176 3761 179 3766 .
206 3697 253 3765 τῆς
270 3693 351 3765 ψυχῆς
370 3684 565 3755 οὔαίᾳδίδοται
582 3678 684 3750 μόνον.
701 3676 757 3731 ἀλλ’
773 3683 820 3728 καὶ
835 3675 871 3730 εἶτ
886 3673 974 3728 αἰῶνα
991 3661 1137 3743 euprepii-
1177 3689 1182 3702 ⁸

206 3767 282 3837 μένει
306 3763 365 3816 ταῖς
387 3759 442 3810 τῶν
466 3754 578 3808 §.mlum
598 3753 714 3815 papale„
738 3743 795 3796 Hoc
812 3743 890 3802 credo
907 3742 924 3795 l.
942 3742 1017 3794 nisus
1036 3741 1067 3793 ll.
1086 3744 1135 3813 Ag.

208 3835 362 3900 Nierneyer,
381 3825 412 3876 V.
432 3824 459 3876 S.
482 3823 528 3884 V.‚
545 3818 597 3886 (De
614 3817 676 3868 isid.
696 3814 748 3865 Pet.
768 3813 834 3875 vita,
852 3809 959 3881 scriptis
974 3822 999 3863 et
1016 3809 1136 3866 doctrina

207 3919 305 3955 mmm,
331 3895 388 3950 Hal,
414 3892 488 3947 1825.
507 3893 531 3946 8.
556 3909 581 3960 p·
600 3887 668 3953 178.)
687 3882 818 3934 Isidorum
838 3879 979 3932 credidisse
995 3875 1137 3952 perhibuit,

208 3987 304 4043 panem
325 3975 350 4016 et
368 3961 460 4014 vinum
481 3967 609 4032 operante
628 3957 675 4025 sp.
697 3955 723 4004 S.
746 3969 834 4004 revera
856 3951 888 4016 (i)
906 3949 934 3999 in
955 3949 1014 4001 lesu
1035 3946 1136 4004 Christi

209 4054 316 4092 carnem
331 4031 489 4085 commutari
509 4041 534 4081 et
556 4027 718 4094 sanguinem.
754 4020 812 4072 lnro
826 4018 976 4088 huiusmodi
992 4017 1137 4074 locisurihil

207 4107 259 4160 nisi
279 4103 330 4154 hoc
348 4101 429 4152 inest:
448 4100 575 4150 elementa
588 4091 755 4146 eucharistiae
769 4090 879 4159 mystico
893 4086 1044 4160 ettieacique
1058 4089 1138 4142 modo

207 4191 305 4246 corpus
319 4173 344 4224 el
356 4167 511 4243 sanguinem
524 4163 633 4220 Domini
647 4170 848 4234 repraesentare.

459 4299 786 4324 m
