2916 5230
959 453 1429 520 .m„.

126 591 308 705 hehrhmh
321 584 382 704 der
395 635 521 704 christl.
540 633 803 719 Dogmaugesoh.
819 657 854 724 p.
869 641 945 706 328.
986 635 1051 708 Vir
1063 625 1191 727 plana]
1257 689 1260 696 ,

126 740 306 828 singularis
326 743 424 812 latius
437 741 559 806 vellem
575 759 670 806 suam
685 739 885 806 sententiam
901 743 1121 836 exposuisset.
1152 829 1154 836 Ι

229 875 278 942 ιιι
299 877 366 940 tam
389 875 470 959 qun
494 872 578 936 min
601 873 756 938 viaeatur
780 871 907 956 assam,
937 875 1163 942 Theotmum
1252 851 1256 874 ‘

125 977 240 1066 paullo
277 991 356 1072 post
392 987 546 1042 exortam
583 972 676 1050 litem
713 976 925 1064 pelagianam
948 979 1064 1044 libros
1088 981 1164 1044 illos

95 1070 98 1080 ⁴
126 1079 324 1163 confecisse,
362 1082 419 1144 sed
456 1099 565 1164 neque
597 1079 806 1170 Hieronymi
837 1085 945 1165 neque
981 1081 1163 1198 Augustini

123 1184 248 1272 scripta
270 1183 386 1268 legisse
409 1179 556 1246 alfitmmo
598 1182 688 1246 Illud
701 1183 909 1270 Hieronymi
924 1185 1090 1250 memoria
1103 1183 1163 1248 in-

123 1277 311 1352 nubilatum
335 1283 505 1365 redditur,
535 1284 599 1347 hoc
622 1307 705 1348 vero
726 1307 804 1350 cum
824 1287 904 1352 inde
918 1301 1048 1374 pateat,
1071 1286 1163 1372 quod

121 1368 324 1456 Theodorus
346 1387 449 1454 latine
466 1387 631 1474 nescivit,
662 1399 801 1454 tumeo
823 1401 952 1454 certum
974 1403 1040 1475 est,
1070 1389 1185 1474 quod*
1229 1435 1232 1443 ·

121 1513 232 1576 neque
254 1491 291 1556 in
314 1491 510 1576 fragmentis
531 1509 641 1573 neque
664 1490 781 1574 iniis,
814 1513 898 1577 quae
920 1493 962 1557 de
984 1493 1076 1558 libris
1096 1493 1164 1558 illia

121 1593 310 1682 accepimus
330 1595 429 1658 huius
452 1594 503 1657 rei
523 1595 630 1668 ullum
651 1542 827 1678 vestigihm
845 1607 903 1660 est.
947 1595 1164 1684 Quamquam
1189 1643 1191 1646 -

60 1699 63 1708 ⁴
119 1697 357 1784 Hieronymus
380 1695 517 1780 dialogis
538 1697 608 1760 suis
629 1699 862 1762 tantummodo
883 1697 1038 1790 negavit,-
1066 1719 1164 1786 posse

119 1801 342 1866 hominem
315 1824 344 1864 st
367 1799 512 1865 vellet
488 1821 559 1863 stne
577 1810 711 1890 peceato
734 1823 804 1864 esse
825 1812 862 1870 et
885 1799 996 1866 facilia
1017 1823 1088 1867 esse
1110 1799 1165 1866 alei
1185 1862 1187 1870 ,
1209 1792 1212 1804 ’
1245 1845 1250 1855 ‚

118 1916 315 1994 praecepta.
349 1887 465 1968 lmo'
439 1927 467 1968 s1
485 1925 585 1990 quam
599 1904 767 1970 rationem
783 1903 1011 1970 Theodorus
1000 1925 1038 1968 ιιι
1044 1903 1167 1992 ‘dispu-

120 2009 224 2074 tando
253 2019 383 2073 secutus
410 2008 452 2070 sit
473 2007 579 2093 probe
600 2007 792 2072 memineris
815 2008 966 2076 dubitare
983 2029 1057 2074 non
1078 2009 1167 2094 licet,
1265 2078 1267 2087 .

121 2108 206 2194 quin
232 2111 402 2196 Pelagiani
431 2110 544 2176 statim
554 2123 651 2198 post
676 2111 845 2197 synodum
875 2111 1031 2199 Diospoli
1051 2133 1166 2181 meuse

120 2215 300 2282 Decembr.
326 2214 413 2282 anni
438 2213 512 2279 415.
540 2214 687 2277 habitam
717 2232 801 2294 quae
821 2215 915 2278 litem
938 2213 1030 2276 illam
1055 2217 1166 2278 conti
1207 2227 1215 2248 ·

119 2327 242 2382 nerent
263 2319 295 2380 ei
311 2337 373 2401 per
393 2315 520 2379 literas
520 2312 547 2395 ¹)
569 2313 866 2415 significaverint'
843 2335 883 2376 ns
901 2311 1054 2396 adiectis,
1077 2335 1164 2396 quae

120 2419 159 2484 in
186 2417 245 2480 illa
273 2413 404 2499 synodo
418 2424 499 2476 acte
523 2424 619 2477 erant
648 2414 696 2496 (v.
717 2424 791 2476 acta
810 2433 855 2479 ex
878 2413 1068 2500 Augustino
1090 2419 1163 2483 col·

116 2518 230 2588 lecta
219 2541 255 2583 ιιι
271 2515 443 2581 Hardutn.
457 2515 477 2579 l.
492 2514 512 2578 l.
528 2515 555 2580 Ι.
547 2538 602 2603 ..p
616 2519 713 2580 2009.
730 2537 789 2600 sq„
812 2517 1088 2587 FuchsBiblioth.
1102 2519 1162 2586 der

120 2621 360 2691 Kirehenvers.
377 2619 579 2706 111.p...328
594 2618 690 2705 sqn.‚)
719 2618 919 2684 Theodorus
933 2634 1048 2687 autem
1061 2646 1162 2707 suum

115 2723 291 2818 putaverit
302 2723 407 2807 impia
419 2723 660 2786 nonnullorum
677 2721 718 2784 tle
732 2721 952 2822 humanat
894 2736 952 2788 nat
954 2747 1017 2790 ura
1029 2725 1163 2794 decreta

116 2825 296 2894 scribendo
326 2826 464 2890 diluere.
518 2827 614 2890 Haec
642 2826 805 2890 sententia
830 2813 892 2914 pei
920 2851 956 2892 se
981 2825 1164 2914 probabilis
1219 2886 1223 2895 ,

117 2933 171 3001 his
203 2930 355 2995 maxime
382 2929 510 2994 nititur
543 2929 762 3014 argumentis·
798 2923 972 3016 Pelaglum
1006 2929 1048 2994 de
1082 2931 1162 2996 actis

116 3037 209 3106 illius
236 3031 356 3121 synodi
392 3032 613 3119 excerpsisse,
651 3055 736 3117 quae
758 3031 1010 3116 divulgarentur
1031 3029 1168 3098 certum'

119 3151 168 3207 est
197 3137 240 3204 ef.
264 3139 404 3218 August.
426 3134 467 3198 de
489 3134 586 3220 gestis
609 3134 735 3217 Pelagii
761 3155 788 3200 c.
809 3140 862 3198 32.
891 3135 957 3220 Op.
980 3135 1030 3198 ed.
1053 3135 1159 3203 Antv.
1192 3185 1198 3212 ,

117 3241 165 3310 X.
186 3263 220 3330 p.
243 3237 333 3302 1423
350 3257 439 3318 1ιιιιιιι
465 3235 664 3300 Theodorus
695 3236 930 3323 quaestionum
953 3246 1024 3300 tum
1049 3247 1161 3307 mota·

116 3367 196 3412 rum
235 3339 462 3426 cognitionem
495 3335 631 3418 habuit,
671 3349 771 3425 quant
812 3337 947 3402 nonnisi
974 3353 1027 3408 cx‘
1043 3339 1162 3427 literis,'

116 3469 205 3535 quae
227 3443 379 3510 breviter
406 3465 461 3506 eas
488 3453 700 3524 enarrarent,
729 3442 896 3508 hauserit:
927 3436 1181 3527 cbntumeliae‚‘

117 3549 237 3634 quihus
266 3547 517 3632 Hieronymum
549 3544 663 3612 affecit
697 3547 899 3611 Theodorus
923 3569 967 3610 ex
994 3547 1059 3614 hoc
1086 3550 1158 3614 solo
1245 3593 1257 3613 ,

118 3651 215 3716 fonte
244 3639 463 3713 manaverint.
508 3647 611 3732 Quod
644 3657 726 3710 v'ero
757 3650 900 3734 pessime
927 3671 1007 3716 sane
1034 3653 1158 3716 Hiero-

118 3771 243 3840 nymus
274 3749 364 3814 illius
399 3749 546 3814 haeresis
581 3744 715 3834 ἀρχηγός
742 3748 812 3813 imo
842 3761 979 3836 auctor,
1012 3754 1070 3836 qui
1096 3777 1181 3843 suas

118 3938 321 3964 ...ι-ιιι·-

168 4074 201 4143 1)
219 4068 291 4124 Fierl
315 4070 438 4141 potuit
459 4079 491 4124 ut
514 4067 563 4125 illo
587 4058 707 4144 tampohe
728 4073 787 4146 ipse
811 4071 955 4134 &uates
981 4074 1177 4134 Theodorum·

220 4149 316 4215 adiret,
340 4151 409 4208 nihil
428 4162 516 4210 tamen
532 4155 646 4214 affirmo.
