2916 5230
1053 458 1179 560 aes

119 635 190 704 'lais
216 621 331 726 paneis
354 605 558 732 ¹complexus
585 652 653 708 est:
685 643 721 728 1)
738 639 895 732 ,homines
920 615 1178 730 odoes'nodeeoov
1235 683 1241 694 ⁵
1313 678 1321 688 ·
1352 707 1355 714 .

133 737 280 828 ἄγαθοῦς
306 744 339 808 ἓν
360 751 397 834 τῇ
420 749 525 828 φύσει,
545 757 702 831 corrupta
730 746 798 810 iam
822 759 855 811 et
869 748 1001 812 mortali
1013 746 1104 814 iacta
1120 771 1180 836 per

132 847 265 911 Adami
286 861 458 932 peccatum
481 853 533 914 καὶ
553 845 607 912 οὔκ
631 849 666 936 ir
683 855 721 937 τῇ
740 849 920 934 προαιρέσει
937 854 1105 934 κεκτῆσθαι
1124 842 1178 928 τὴν

99 1011 101 1018 .
133 947 298 1034 ἁμαρτίαν.
339 949 374 1034 7)
396 949 450 1014 Ne
464 938 578 1015 recens
593 963 687 1014 natos
704 951 836 1034 quidem
849 949 995 1016 infantes
1011 961 1177 1032 apeoc-ato

133 1051 258 1115 liberos
278 1075 365 1132 esse,
389 1075 462 1116 oum
474 1079 476 1090 ·
488 1053 670 1118 ob.Adami
691 1064 999 1142 peceatumnatura
1013 1049 1179 1136 ἁμαρτωλῆ
1214 1063 1215 1068 ’

131 1151 224 1219 facta
246 1153 288 1216 ad
312 1177 429 1218 omnes
450 1154 519 1218 eius
540 1168 691 1242 posteros
710 1167 924 1245 propagetur
931 1153 973 1218 cf.
992 1155 1043 1223 Ps.
1063 1157 1122 1236 50,
1145 1159 1177 1218 7.

132 1256 178 1320 al.
187 1256 404 1354 ,baptism.,
432 1279 524 1320 coen.
543 1281 624 1324 sacr.
634 1260 764 1360 ,qnod
786 1272 965 1342 utrumque
986 1278 1179 1338 sacramen·-

131 1370 210 1426 tum
239 1357 421 1424 infantibus
449 1361 658 1448 praebeatur
703 1366 736 1440 8)
759 1361 901 1426 Nullum
924 1357 1130 1432 bominem
1121 1381 1178 1424 ru·
1276 1439 1279 1451 Ι

134 1460 555 1546 stumesseoi.Ps.142,'
566 1464 665 1528 731.
707 1461 1179 1549 4)Ner11r1srumqu1dem
1213 1447 1215 1454 ’
1259 1463 1264 1476 ’

134 1576 299 1651 qnatenus
318 1577 475 1659 naturam
497 1566 712 1653 peccatricem
728 1567 955 1652 assumpsisset
966 1563 1094 1651 peccati
1108 1563 1200 1628 im-.
1241 1573 1251 1599 .

134 1689 276 1734 munem
301 1689 386 1748 esse,
409 1689 611 1752 quamquam
634 1667 665 1730 ei
686 1667 766 1730 alibi
779 1673 913 1753 αχήματι
926 1667 1010 1754 μόνῳ
1021 1665 1180 1732 incarna—
1257 1731 1259 1736 ,
1351 1741 1353 1758 Ι

71 1793 74 1800 ’
133 1773 264 1838 tionem
285 1770 487 1840 tribuissent.
531 1772 567 1853 5)
589 1769 864 1854 Matrimonium,
888 1771 944 1838 vel
964 1779 1053 1832 certe
1071 1765 1180 1834 coitus¹

135 1872 354 1958 cupiditatem
388 1887 421 1942 et
450 1875 586 1940 seminis
614 1873 828 1938 emissionem
854 1872 1035 1955 omniaque
1063 1868 1181 1934 buius·
1250 1900 1259 1944 χ

100 1989 105 1999 “
133 1977 246 2059 modi,
269 1971 393 2062 quibui
402 1961 506 2062 genus
519 1989 673 2065 nostrum
685 1963 907 2066 propagetur,
929 1985 1105 2062 corruptae
1117 1993 1183 2038 na·
1237 2056 1254 2064 Η

137 2089 240 2144 turae
259 2101 338 2146 esse.
381 2081 559 2166 Postquam
575 2079 695 2144 deinde
708 2079 928 2156 Theodorum
944 2079 1069 2166 optime
1080 2076 1182 2140 inter·
1213 2160 1218 2170 ,

139 2181 220 2246 dum
232 2181 423 2274 ,praecipue
443 2182 593 2268 legitima
614 2205 675 2248 scr.
697 2203 721 2246 s.
735 2181 1011 2269 interpretatione
1026 2182 1181 2245 baeore-
1239 2251 1243 2261 Ι

135 2283 278 2365 futasse',
314 2285 371 2348 sed
399 2285 435 2346 in
456 2282 605 2348 Nestorii
630 2294 664 2346 et
693 2279 1007 2364 Origenis'errores
1026 2280 1183 2348 incidisse

138 2385 350 2464 observavit,
387 2381 429 2444 de
459 2383 510 2444 his
538 2381 710 2445 sententiis
740 2381 930 2446 theodoreis
958 2380 1106 2446 disserit:
1136 2381 1178 2452 ab
1250 2467 1255 2472 ἢ

137 2485 236 2561 initio
261 2482 396 2568 quidem
418 2481 595 2571 Adamum
614 2476 791 2548 mortalem
816 2481 943 2550 factum
960 2505 1047 2569 esee,
1069 2483 1127 2551 sed
1141 2469 1181 2548 ut
1209 2510 1213 2516 ·

136 2599 313 2678 peecatum
345 2585 527 2652 odissemus
561 2587 662 2678 deum
694 2586 883 2666 simulasse,
917 2585 1014 2674 quasi
1039 2597 1181 2688 propter

136 2701 311 2782 peceatum
336 2711 489 2776 poenae
484 2690 559 2755 loco
583 2713 674 2754 mors
697 2689 854 2777 imposita
877 2704 980 2756 esset:
1010 2679 1180 2778 duplicem

138 2817 209 2859 esse
232 2807 444 2880 peccatorum
464 2793 706 2858 remissionem.
751 2792 917 2877 Denique
924 2791 1099 2858 Theodori
1118 2811 1180 2878 ge·
1243 2793 1249 2836 ἕ

137 2919 203 2963 nus
213 2893 349 2960 dicendi
363 2906 451 2958 recte
465 2894 646 2982 descripsit

241 3013 290 3078 At
312 3033 408 3075 vero
406 3010 529 3078 Photio
553 3035 623 3076 non
646 3035 784 3100 prorsus
800 3013 959 3080 convenit
974 3035 1050 3077 cum
1066 2969 1178 3078 Mario

137 3115 347 3194 Mercatore,
375 3114 432 3197 qui
457 3113 659 3196 „Theodori
679 3114 721 3178 de
743 3115 890 3178 seeundo
906 3087 1018 3178 codice
1033 3114 1110 3180 libr.
1122 3113 1187 3190 lv,

118 3273 120 3284 .
139 3231 173 3284 et
194 3217 253 3280 ΙΙΙ.
276 3223 393 3279 contra
412 3236 438 3277 s.
460 3217 523 3279 Au
531 3215 744 3300 guatinum
768 3215 1003 3280 defendentem
1018 3215 1181 3301 originale

137 3329 313 3408 peccatum
335 3329 367 3381 et
389 3313 503 3380 Adam
524 3341 584 3405 per
613 3310 906 3403 transgressionem
930 3320 1108 3384 mortalem
1128 3317 1181 3384 fa-

138 3411 239 3486 otnm'
249 3419 407 3484 catholice
427 3417 674 3508 disserentem“
697 3435 851 3509 quattuor
870 3422 1055 3508 fragmenta
1078 3423 1181 3488 latine

138 3523 241 3590 vertit
260 3523 282 3587 l.
304 3545 330 3588 c.
353 3544 387 3610 p.
409 3526 482 3588 707.
497 3544 545 3609 sq.
569 3527 741 3614 (leguntur
764 3527 862 3592 etiam
885 3527 921 3592 in
941 3524 1053 3591 Noris.
1071 3526 1094 3590 l.
1115 3525 1137 3589 l.
1153 3524 1179 3591 Ι.
1206 3539 1219 3564 ³

139 3647 174 3713 p.
196 3629 249 3689 93.
263 3625 339 3710 sq.).
382 3626 509 3690 Tribus
529 3631 698 3712 prioribus
722 3629 839 3714 fragm.
863 3630 960 3693 docet
980 3627 1179 3701 Theodorus
1248 3691 1250 3698 Α

140 3727 292 3792 biblicis
284 3729 439 3815 inprimis
452 3730 560 3794 nitens
578 3729 799 3816 argumentis,
819 3731 988 3796 Adamum
1003 3726 1178 3792 mortalem
1205 3772 1211 3786 ,

140 3841 291 3894 creatum
318 3831 517 3916 nullumque
545 3853 615 3929 esse
636 3846 814 3918 peecatum
841 3831 1031 3918 originale,
1060 3829 1179 3900 ultimo

140 3955 222 4013 vero
241 3927 378 3996 'aeterna
397 3947 472 4020 post
491 3920 768 4028 resurrectionem
792 3935 955 4022 supplicia
968 3957 1036 4000 esse
1050 3943 1159 4018 negat.

242 4049 284 4113 in
303 4047 364 4113 hac
378 4050 489 4115 Photii
510 4063 543 4116 et
557 4053 657 4118 Marii
671 4052 870 4226 Meg-latoris
891 4051 1093 4118 dissensione
1109 4049 1178 4112 dis·
1244 4143 1249 4151 ι
1265 4081 1269 4087 ·

140 4161 277 4241 putatur
292 4150 404 4218 aviris
419 4151 465 4238 d,
487 4167 602 4224 utrum
615 4159 730 4225 contre
779 4157 992 4246 ieronymum
1002 4175 1044 4222 an
1060 4162 1178 4220 eontra
