2916 5230
320 409 399 527 ’108

330 609 371 666 ut
389 585 568 686 postquam
591 589 633 660 dc
653 589 770 656 muudi
791 591 958 657 creatione
980 587 1087 656 insius
1107 585 1309 654 disseruisset
1326 585 1359 649 in

331 703 399 768 dno
427 720 513 764 aeva
534 719 558 760 a
577 695 640 764 deo
664 706 817 784 tempora
829 693 1011 760 'distributa
1034 715 1104 758 esse
1126 693 1257 758 diceret.
1298 691 1360 757 Al·
1437 719 1438 762 t

330 819 442 872 terum
463 789 751 909 praeparationis
756 801 825 864 vim
850 798 1003 862 habuisse
1010 795 1259 885 sperfectionis
1280 794 1361 860 alte-

329 929 418 974 rum.
464 903 662 970 Posterioris
691 877 768 968 aevi
795 891 928 967 initium
962 849 1133 988 Chiistum
1162 898 1280 980 fuisse,
1308 894 1361 982 qui

272 1046 275 1052 ·
328 1031 393 1098 pro
416 1006 611 1072 audolecus
633 1005 802 1096 docendo,
831 1002 1163 1092 agendo,patiendo
1190 1002 1361 1066 hominnm

328 1108 576 1178 necessitatibus
603 1111 652 1176 ita
675 1109 909 1192 succurrisset,
938 1107 1062 1181 utiam
1086 1106 1140 1170 via
1161 1104 1202 1170 ad
1226 1103 1361 1169 salutem
1438 1157 1439 1170 ,

250 1195 252 1202 ¹
328 1209 467 1300 pateret.
513 1213 571 1278 Ad
604 1213 694 1278 hunc
725 1213 815 1277 enim
844 1233 984 1297 scopum
1015 1209 1128 1272 omnia
1156 1208 1230 1273 deo
1249 1191 1367 1272 inoda-
1438 1227 1439 1234 ¹

325 1326 421 1379 rante
442 1313 551 1422 dirigi.
592 1313 787 1398 Aliquando
810 1326 923 1378 antem
945 1311 1114 1376 Christum
1136 1312 1261 1378 iterum
1281 1331 1363 1412 ven-

234 1435 236 1441 ’
327 1429 461 1500 turum,
489 1437 556 1500 quo
586 1418 700 1486 omnia
722 1417 809 1482 maia
830 1414 989 1480 auferret.
1065 1420 1070 1432 ⁴

396 1557 398 1570 ·
429 1531 482 1596 Eo
514 1554 596 1598 vero
633 1533 770 1598 consilio
806 1532 1025 1610 Theodorum
1062 1531 1122 1595 hos
1150 1530 1257 1626 libros
1286 1551 1364 1593 con·

328 1634 499 1723 scripsisse
520 1634 692 1716 existimo,
715 1647 753 1700 ut
774 1636 971 1702 christianos
995 1635 1150 1701 edoceret
1172 1646 1204 1700 et
1227 1634 1367 1699 robora.

279 1727 282 1740 ⁹
326 1749 398 1820 ret,
421 1737 562 1806 fortasse
580 1741 679 1804 etiam
695 1739 895 1822 Zoroastres
919 1739 1045 1804 asseclis
1070 1739 1256 1806 doctrinam
1278 1736 1363 1801 chri-

325 1841 470 1906 stianam
490 1840 745 1912 commendaret
761 1840 799 1924 ¹).
826 1829 874 1905 Γ
878 1865 934 1906 um
958 1843 1048 1908 enim
1062 1844 1157 1932 multi
1171 1843 1363 1908 Zoroastrao

327 1958 505 2010 sectatores
526 1944 564 2008 in
588 1943 728 2008 diversis
748 1945 862 2010 Asiae
859 1943 963 2010 terris
980 1925 1160 2034 degebant,
1185 1945 1275 2030 quod
1290 1967 1322 2008 v.
1336 1964 1362 2005 c.

218 2033 222 2040 ’
268 2109 269 2116 ,
327 2043 369 2110 de
393 2047 603 2133 Cappadocia
623 2048 721 2112 Basit.
735 2071 796 2164 ep.
818 2048 891 2112 258.
909 2049 972 2112 III.
994 2073 1028 2138 p
1051 2048 1126 2118 394.
1148 2053 1221 2118 395.
1244 2049 1363 2133 (Strab·
1440 2011 1441 2066 4

79 2181 86 2205 t
130 2143 153 2210 J
263 2199 266 2204 .
328 2147 381 2227 16,
403 2147 449 2263 d.)
471 2158 629 2226 testatur,
653 2151 774 2234 persici
795 2163 907 2216 autem
926 2152 1097 2218 christiani
1116 2177 1177 2239 per
1190 2169 1363 2239 magorum

326 2249 485 2340 inprimis
507 2247 669 2313 invidiam
694 2251 875 2314 admodum
898 2254 1110 2318 vexabantur
1130 2245 1178 2318 cf.
1198 2255 1274 2316 Soa.
1291 2255 1323 2316 h.
1338 2275 1364 2320 e

298 2399 301 2408 ,
327 2361 366 2598 Ξ,
387 2357 439 2524 898.
450 2371 498 2542 pp.
507 2405 517 2438 ,
545 2351 835 2436 Socrath.c.7‚
860 2355 909 2420 18.
931 2373 1018 2439 squ..
1049 2349 1254 2423 Theodoret.
1283 2355 1318 2424 h.
1336 2379 1363 2420 c.

416 2675 488 2748 G
541 2679 613 2752 De
644 2680 950 2774 perfectione
979 2673 1249 2778 regiminis.

435 2785 657 2936 Theodorum
698 2839 829 2900 tomum
870 2838 912 2902 de
949 2839 1157 2926 perfectione
1192 2837 1361 2926 regiminis
1442 2867 1443 2924 ζ

216 3011 217 3022 ’
277 2995 287 3008 ’
329 2947 466 3096 (Ῑρθῖ
498 2935 741 3106 lOeQ,
752 2987 839 3050 maie
862 2989 1033 3052 transtulit
1060 2990 1189 3057 Assem.
1217 2990 1259 3056 de
1282 2986 1360 3080 perf.

278 3215 280 3228 .
328 3175 482 3248 operum.
525 3119 659 3248 itm?
697 3149 882 3232 ἧπολιτεία
910 3153 999 3242 Eph.
1026 3160 1067 3239 2,
1098 3154 1166 3241 12.)-
1184 3154 1362 3221 confecisse

222 3325 223 3332 ¹
327 3294 419 3360 solus
440 3289 607 3357 Ebediesu
628 3291 651 3354 l.
674 3290 696 3355 l.
719 3313 751 3378 p.
766 3287 817 3354 34.
842 3289 932 3356 testis
954 3301 1014 3362 est.

378 3599 405 3668 1)
424 3594 499 3648 Idem
515 3589 698 3648 Theodoretns
710 3590 743 3642 iis
756 3589 912 3662 spectavisse
924 3549 1036 3652 videtui,
1052 3609 1120 3664 quae
1132 3609 1160 3644 sc
1172 3601 1265 3649 contra
1276 3613 1362 3666 magos

329 3749 334 3757 ¹
429 3678 567 3754 scripsisse
585 3676 666 3730 refert
685 3675 720 3730 cf.
740 3675 898 3736 'discedot-st.
917 3697 961 3752 ep.
982 3675 1361 3750 113.1V.p‚1191,‚511132.

429 3763 477 3819 vit·
488 3765 521 3821 ab
538 3764 576 3817 in.
586 3763 615 3828 ,1.
633 3783 660 3840 p.
678 3765 736 3820 176.

378 3880 413 3952 2)
435 3863 651 3941 tillemontius.
670 3877 718 3952 qui
738 3879 912 3934 Theodorum
937 3880 1042 3951 presb
1049 3888 1188 3951 yterum
1211 3899 1300 3951 magos
1316 3878 1363 3932 im·

343 3973 345 3980 '
430 3965 562 4038 pugnasse
588 3971 662 4032 putat
689 3963 707 4017 l.
735 3965 754 4017 l.
779 3985 807 4038 p.
826 3965 902 4024 447„
935 3963 1067 4017 levissimo
1087 3966 1182 4018 nititur
1199 3974 1360 4036 argumento.

343 4067 346 4076 ⁴
428 4047 528 4108 „nans
549 4048 574 4101 le
590 4049 665 4114 titre,
688 4050 791 4124 inquit,
813 4048 833 4101 ii
850 4047 1038 4119 (sesPhotius)
1055 4045 1094 4103 ne'
1105 4051 1211 4122 quetidie
1224 4046 1361 4099 Theodora

394 4165 397 4172 ·
432 4149 486 4204 que
498 4131 604 4190 Prestre
621 4135 677 4206 (?),
693 4135 761 4216 ainpi
778 4133 799 4188 il
812 4132 841 4213 fit
854 4141 895 4190 cet
906 4151 1020 4206 ouvrage
1033 4146 1110 4194 arant
1123 4153 1172 4191 son
1182 4132 1344 4209 episcopat.“
