2938 5240
281 745 287 752 ,
344 669 528 754 statuisset,¹
549 663 632 735 mox
651 679 765 734 tamen
784 661 853 730 fori
864 659 1024 752 strepitus
1036 660 1233 750 pertaesus
1221 681 1258 726 sn
1272 657 1385 728 Mele-

344 778 401 862 tii,
425 796 479 864 ep.
499 769 660 841 Antioclr.
669 764 911 856 ,disciplinam
933 777 1001 832 tres
1020 787 1081 855 per
1102 787 1208 830 annos
1227 787 1262 830 se
1276 760 1388 828 tradi-

347 881 416 984 disq
437 897 504 974 quo
524 897 578 940 res
599 871 794 948 christianas
809 869 991 938 accuratius
1004 884 1226 955 pernosceret
1265 863 1392 954 Bapti-

346 971 439 1057 zatus
460 963 581 1045 deinde
594 987 790 1071 anagnostes
806 985 887 1040 eruat
922 972 995 1040 Sed
1011 971 1129 1038 haud
1118 985 1168 1038 sta
1184 969 1290 1036 multo
1308 975 1392 1056 post

347 1081 530 1166 desiderio,
565 1101 633 1166 quq
665 1064 914 1166 aliquamdiu
903 1099 972 1143 ram
1005 1079 1196 1155 tenebatur,
1229 1069 1392 1138 satisfecit

242 1189 247 1196 ’
347 1205 448 1273 seque
478 1182 524 1252 ad
539 1184 738 1265 monachos,
773 1181 831 1269 qui
853 1180 890 1248 in
908 1177 1163 1246 Antiochiae
1129 1178 1251 1245 vicinia
1270 1197 1392 1241 versa·-

346 1295 487 1368 bantur,
522 1275 679 1364 contulit.·
715 1287 819 1356 ,Τιίιιο
849 1305 931 1349 vero
952 1279 1134 1348 Theodoro
1161 1292 1194 1346 et
1223 1279 1394 1361 Maximo,

348 1411 494 1478 quorum
509 1386 565 1454 hio
583 1387 685 1454 etiam
699 1385 818 1454 studiis
832 1385 1023 1452 forensibus
1038 1395 1108 1450 sese
1122 1381 1277 1468 dederat,
1306 1405 1396 1472 per-

348 1491 466 1574 suasit,
496 1501 535 1557 ut
554 1487 614 1554 vili
633 1489 690 1556 illa
712 1491 783 1556 vita
807 1483 1015 1577 quaestuaria
1034 1486 1151 1554 relicta
1168 1485 1396 1552 monasticam

348 1596 627 1684 amplecterentur
640 1591 704 1680 ¹).f
726 1593 942 1680 Quamquam
958 1591 1115 1676 monachi
1128 1602 1307 1674 antequam
1325 1587 1398 1652 fie-
1465 1644 1466 1670 q

242 1745 245 1754 ‚
349 1709 426 1766 rent
453 1720 511 1762 cos
539 1698 724 1764 accuratius
756 1695 942 1760 doctrinam
966 1693 1179 1762 christianam
1207 1690 1341 1756 edoctos
1361 1699 1399 1756 et
1465 1726 1466 1752 i

350 1799 536 1890 baptizatos
560 1819 633 1862 esse
652 1797 825 1888 probabile
846 1809 903 1861 est.
947 1795 1121 1884 Quidquid
1136 1810 1202 1879 est,
1230 1790 1400 1858 Theodo-

351 1924 410 1969 rus
431 1901 665 1988 Chrysostomi
687 1901 878 1986 eloquentia
898 1899 1004 1966 victus
1026 1921 1093 1984 quo
1109 1909 1181 1962 erat
1194 1893 1306 1960 animo
1320 1891 1400 1958 fer·

352 2004 435 2070 vido
460 2023 597 2070 novam·
610 2001 700 2069 vitae
720 2003 885 2068 rationem
907 2025 1039 2068 summo
1068 2001 1178 2066 studio
1200 1987 1400 2088 persecutus

354 2118 413 2176 cst.
456 2115 479 2192 ,',
492 2104 577 2190 Quis
602 2105 694 2170 enim
724 2103 867 2172 celerem
895 2117 1006 2188 tuam,
1042 2105 1208 2176 sinceram
1228 2114 1262 2169 et
1287 2097 1402 2166 fervi-

314 2213 319 2234 ‘
355 2211 434 2279 dam
454 2208 499 2278 ad
516 2209 606 2274 bona
621 2210 879 2276 couversionem
892 2233 963 2276 non
975 2193 1159 2285 admiratus
1174 2204 1247 2272 esti
1269 2201 1401 2292 Epula-

356 2333 435 2378 rum
463 2310 589 2402 quippe
618 2311 757 2378 luxuria
780 2311 945 2398 neglecta,
969 2310 1127 2378 vestium
1149 2306 1402 2396 magnificentia

305 2407 312 2428 '
357 2427 545 2501 contemta,
577 2417 686 2484 omnis
713 2415 818 2482 fastus
842 2415 1063 2510 conculcatus.
1100 2415 1221 2492 ‚Omne
1237 2425 1401 2505 externae
1465 2421 1466 2432 ¹

355 2517 541 2607 'sapientiae
555 2517 705 2583 studium
718 2517 895 2584 confestim
911 2518 953 2583 ad
969 2518 1084 2586 divina
1101 2515 1203 2584 effata
1216 2515 1403 2584 transiere·

359 2624 479 2714 batur,
506 2620 659 2698 condies
680 2615 840 2708 legendo,
864 2623 1034 2708 precando
1056 2633 1145 2687 totae
1161 2631 1272 2706 noctes
1289 2627 1403 2685 trans-

358 2721 567 2812 ἰςοῑιειιιῐιιι.Ι
590 2725 751 2792 Paternus
768 2725 935 2812 dignitatis
955 2723 1241 2806 uullaflmemoria,
1265 2720 1404 2788 divitia-
1465 2769 1466 2772 κ

361 2849 440 2894 rum
463 2827 562 2890 nulla
579 2829 780 2890 recordatio.
825 2827 947 2894 Genua
968 2841 1082 2894 autem
1106 2824 1284 2916 complecti
1306 2835 1340 2890 et
1359 2823 1404 2889 ad
1465 2821 1466 2886 Ϊ

361 2928 505 2993 fratrum
526 2924 629 3012 podes
650 2947 825 3008 accurrere
847 2927 911 2992 hoe
927 2927 1021 2994 omni
1042 2929 1213 2994 nobilitate
1226 2927 1405 2994 sublimius

362 3029 540 3097 1ud1cabas
543 3029 565 3064 “
607 3027 658 3094 Ita
675 3029 932 3118 Ohrpsostcmus
946 3027 988 3115 ²)
1032 3031 1168 3096 Frustra
1182 3030 1407 3097 Theodorum
1465 3015 1466 3090 ἶ

363 3130 462 3198 multi
481 3131 721 3228 hortabantur,
743 3141 797 3200 ut
794 3155 908 3200 musea
921 3131 1161 3220 frequentaret.
1204 3131 1297 3218 Quid
1311 3156 1409 3216 vero,

363 3235 554 3326 respoudit,
582 3237 611 3304 si
632 3207 733 3306 breve
753 3259 815 3327 per
836 3248 966 3326 tempus
982 3235 1086 3304 vitam
1102 3239 1189 3303 male
1199 3237 1406 3326 trans1gam?

364 3340 548 3426 Qomodo
572 3341 729 3406 accedam
754 3340 797 3408 ad
825 3363 922 3424 eum,
955 3339 1013 3424 qui
1041 3339 1143 3406 dixit:
1178 3364 1222 3406 ne
1239 3341 1408 3406 cuncteris

306 3457 309 3466 '
340 3465 342 3470 ’
368 3443 411 3508 ad
434 3441 610 3508 dominum
631 3443 784 3510 converti
804 3465 916 3528 nequo
930 3442 1068 3508 differas
1082 3442 1216 3508 dedie
1206 3465 1241 3508 ιιι
1256 3443 1407 3532 diemi³)

367 3537 478 3635 Totus
498 3547 536 3612 in
563 3545 755 3612 monasticis
783 3545 897 3612 studiis
916 3559 1004 3642 {com
1031 3545 1145 3612 amicis
1172 3559 1244 3612 erat
1267 3541 1408 3616 ducibus

372 3701 576 3720 m

419 3822 446 3891 1)
465 3819 508 3876 cr.
526 3817 638 3874 socan
655 3815 675 3870 1.
692 3815 821 3872 soant.
843 3796 848 3813 ’
898 3821 899 3827 ¹

373 3958 377 3970 ι
419 3923 454 3991 2)
475 3921 517 3975 Ci.
533 3903 629 3991 Chrys.
646 3919 665 3972 l.
681 3917 717 3978 l.,
740 3937 764 3969 r.
784 3915 862 3970 etiarn
882 3936 909 3990 p.
923 3917 948 3972 1.
966 3911 1016 3972 τόν
1036 3913 1141 4000 κόσμον
1157 3914 1205 3986 τῆς
1224 3913 1410 3990 decreberis

454 4002 619 4143 ¹micci-{qai
637 4007 678 4062 cst
704 4002 754 4108 aa,
772 4000 894 4074 ileum
912 4001 974 4082 ᾔδει
993 3999 1081 4062 καλῶς
1101 3999 1151 4060 οὔκ
1169 4001 1205 4060 tto
1221 4001 1408 4073 ἐστέναξε-ς

421 4193 451 4263 b')
467 4109 509 4244 gf,
526 4187 622 4258 Chrys.
637 4185 655 4240 l.
670 4186 687 4240 l.
701 4205 728 4258 p.
743 4186 786 4240 40.
