2916 5230
918 613 922 626 ,
1018 549 1084 620 na

52 728 238 798 rationibus
273 729 438 802 adductus
476 727 558 793 illud
592 727 709 796 multis
741 729 850 817 ervit,
893 753 939 799 ue
974 730 1085 824 bapti-

53 833 151 900 zandi
181 832 224 899 de
252 833 378 900 Christi
411 833 539 899 naturis
565 854 604 896 ae
624 854 770 921 persona
794 835 883 901 male
912 834 1086 906 sentirent.
1153 837 1159 859 ⁸

51 940 103 1005 Ita
128 958 214 1003 vero
238 936 276 1002 in
309 935 581 1002 adversariorum
611 935 905 1023 reprehensionem
930 939 1088 1025 incurrit,

52 1061 197 1128 quorum
215 1039 327 1106 studio
348 1040 430 1104 haee
447 1035 525 1102 libri
546 1035 636 1102 illius
655 1035 776 1124 fragm.
795 1039 972 1106 debemusa
993 1041 1085 1108 Mar.

50 1146 157 1213 Mero.
176 1144 199 1210 Ι.
210 1165 238 1208 o.
252 1165 285 1229 p.
297 1140 371 1208 704.
393 1139 518 1229 (prima
533 1139 600 1206 alia
616 1141 774 1206 versione
788 1143 861 1208 Fac.
883 1145 916 1228 9,
933 1147 982 1227 8.,
1004 1145 1083 1210 item

49 1246 161 1342 media
178 1244 251 1311 Act.
272 1243 312 1332 C
335 1243 373 1310 C.
395 1244 439 1310 Il.
453 1239 522 1306 IV.
544 1243 595 1308 35.
623 1241 697 1331 vig.
721 1244 758 1312 C.
780 1244 867 1333 se),
891 1247 966 1314 Aet.
989 1246 1027 1313 0.
1048 1247 1088 1317 C.

2 1405 3 1412 ,
49 1350 162 1418 ΙΙ.1ν.
176 1349 330 1416 36-39.
343 1343 437 1434 (vig.
450 1336 685 1431 O.se'-39.)‚'
698 1345 751 1412 41.
764 1347 818 1414 42.
840 1348 930 1434 (vig.
944 1350 983 1417 C.
993 1351 1088 1416 41..

47 1453 135 1539 48.),
159 1451 213 1519 40.
226 1449 365 1538 (Verbis
388 1469 464 1530 „ex
477 1448 619 1534 interpr.
634 1469 697 1515 sec.
714 1437 922 1518 Mattl1.ev.“
937 1475 980 1518 ne
996 1453 1087 1521 deoi-
1120 1479 1123 1486 ·

46 1556 161 1648 piaris.
182 1555 258 1641 vig.
274 1553 311 1620 C.
327 1547 412 1638 40.),
431 1550 510 1616 Act.
530 1549 571 1617 ν.
589 1572 620 1637 p.
635 1553 687 1617 98.
731 1553 765 1618 Si
782 1576 852 1618 non
867 1553 904 1620 in
918 1553 1087 1642 omnibus,
1217 1616 1219 1626 .

45 1675 86 1740 iu
118 1659 275 1750 pluribus
303 1668 420 1754 tamen
444 1653 543 1720 buius
567 1652 645 1754 libri
674 1655 922 1744 exemplaribus
947 1671 1089 1749 propter

46 1763 238 1852 argumenti
259 1755 542 1828 necessitudinem
569 1756 672 1824 fuisse
693 1758 793 1822 credo
814 1757 988 1825 Theodori

153 1879 189 1967 1)
210 1876 624 1966 interpretationem
639 1875 821 1962 symboli
837 1874 1090 1944 CCCXVIII

192 2007 218 2054 s.
238 1993 426 2073 patrum,
448 1979 542 2045 ouius
563 1977 791 2064 fragmentum
812 1969 934 2066 legitur
953 1977 991 2043 i'n
1013 1959 1090 2049 A'ct.

193 2085 231 2154 C.
247 2081 418 2154 O.11.1V.
434 2085 488 2148 et.
509 2080 598 2168 (vig.
623 2079 662 2150 C.
684 2083 755 2162 31„
773 2079 882 2168 Pelag.
897 2103 948 2172 ep.
962 2079 1024 2150 III.
1045 2081 1097 2149 ad·

190 2189 304 2256 Eliam
321 2173 342 2256 ll
355 2209 382 2253 e.
403 2209 435 2276 p.
449 2183 557 2272 430),
580 2195 615 2250 et

151 2307 191 2394 2)
219 2303 468 2394 symbolum.
512 2301 588 2363 Hoc
616 2309 707 2360 certe
734 2298 771 2359 in
797 2298 855 2359 illo
876 2291 964 2358 libro
986 2291 1090 2364 fuisse

69 2479 73 2488 ‚
192 2405 366 2474 Theodori
388 2397 573 2464 adversarii
593 2405 758 2459 testantur
778 2395 852 2461 Fae.
869 2401 900 2478 3,
915 2395 962 2477 6.,
979 2416 1090 2482 quan.

196 2503 378 2592 doquidem
408 2497 677 2566 sermonibus
700 2495 835 2561 nonnisi
854 2519 1025 2566 sermones
1046 2499 1088 2568 ad

197 2605 413 2702 baptizandos
444 2601 644 2688 intelligunt.
684 2598 777 2663 'Iam
812 2620 896 2697 uero
927 2599 1017 2668 huno
1043 2603 1091 2670 li-

197 2715 296 2780 brum
312 2731 418 2778 unum
434 2703 645 2788 eundemque
659 2701 762 2766 fuisse
778 2698 952 2783 existimo,
975 2705 1032 2791 qui
1046 2705 1088 2774 ab

56 2861 61 2872 ’
195 2846 313 2916 Ebedi.
326 2845 348 2944 l.
357 2866 383 2909 o.
396 2865 428 2930 p.
439 2844 490 2906 33.
504 2851 614 2906 tomus
630 2827 670 2900 de
683 2833 752 2900 fide
761 2799 973 2937 (flfflffl
986 2803 1087 2944 ww)

197 2983 327 3050 dieitur.
371 2976 437 3044 Sed
467 2973 509 3040 de
531 2969 662 3038 famoso
683 2969 741 3036 illo
762 2971 918 3060 symbolo
936 2973 1089 3063 pluribus

197 3089 387 3158 dicendum.

153 3171 326 3280 Antonius
348 3211 381 3268 et
401 3193 561 3272 Iacobus,
583 3183 790 3282 presbyteri,
810 3185 963 3275 quicum
984 3187 1088 3258 literis

41 3309 332 3388 commendatitiis
344 3305 385 3372 ab
400 3292 580 3372 Anastasio
596 3301 631 3358 et
645 3287 786 3371 Photio,
806 3289 1011 3378 presbyteris
1024 3315 1088 3358 ne·

39 3421 273 3490 storianarum
285 3406 432 3502 partium
445 3395 599 3476 studiosis
607 3439 627 3477 ,.
639 3392 781 3480 acceptis
795 3392 1087 3485 Constantinopoli

38 3519 319 3610 Philadelphiam
340 3514 521 3588 venerant,
551 3500 676 3568 ἔκθεσίν
697 3521 767 3564 τινα
787 3493 1089 3583 domitorium&

38 3647 166 3695 secum
193 3621 395 3696 attulerunt,
424 3606 479 3675 oui
506 3617 546 3669 ut
560 3599 724 3670 'haeretiei
743 3596 898 3670 nonnulli
914 3573 1009 3684 ’(τίίίς
1026 3607 1088 3668 τῶν

36 3725 112 3800 ἀπὸ
142 3729 263 3802 Λυδίας
278 3715 474 3807 ’ὁρμωμένων
494 3704 664 3792 doncuria
705 3697 1015 3786 Quartodecimum)
1045 3701 1086 3768 ad

37 3828 304 3908 eeclesiasticam
331 3817 514 3888 formulam
543 3801 687 3877 redituri
716 3799 963 3868 subscriberent
988 3825 1087 3872 cura-

35 3909 144 4012 runt.
185 3931 283 4000 Haeo
303 3947 324 3991 u
344 3918 516 4000 Charieis,
548 3909 746 4003 presbytero
768 3913 801 3968 et
821 3925 1008 4000 oeconomo
1028 3930 1087 3972 00-

35 4013 187 4113 clesiae
202 4021 547 4116 philadelphensium,
586 4011 629 4081 as
668 4005 845 4076 concilium
875 4008 1085 4100 tiphernum

35 4149 179 4225 delata,
208 4133 297 4227 quod
323 4148 434 4224 poena
458 4115 656 4211 interposita
673 4112 779 4196 cavit,
807 4133 852 4178 ne
870 4111 946 4198 ,quis
966 4113 1096 4178 haem-¹

35 4257 159 4321 ticum
177 4243 221 4312 ad
240 4235 331 4309 aliud
352 4254 391 4315 ne
412 4227 588 4298 nicaenum
602 4217 793 4387 symlgrlum
807 4213 987 4286 adduceret
998 4237 1085 4282 neve
