<?xml version="1.0" encoding="UTF-8"?>
<!DOCTYPE html PUBLIC "-//W3C//DTD XHTML 1.0 Transitional//EN"
    "http://www.w3.org/TR/xhtml1/DTD/xhtml1-transitional.dtd">
<html xmlns="http://www.w3.org/1999/xhtml" xml:lang="en" lang="en">
 <head>
  <title>
</title>
<meta http-equiv="Content-Type" content="text/html;charset=utf-8" />
  <meta name='ocr-system' content='tesseract 3.04.00' />
  <meta name='ocr-capabilities' content='ocr_page ocr_carea ocr_par ocr_line ocrx_word'/>
</head>
<body>
  <div class='ocr_page' id='page_1' title='image "./detheodorimopsv00fritgoog_0020.png"; bbox 0 0 2938 5240; ppageno 0'>
   <div class='ocr_carea' id='block_1_1' title="bbox 268 738 1459 3764">
    <p class='ocr_par' dir='ltr' id='par_1_1' title="bbox 268 738 1459 3764">
     <span class='ocr_line' id='line_1_1' title="bbox 390 738 1434 840; baseline -0.011 -20"><span class='ocrx_word' id='word_1_1' title='bbox 390 753 477 822; x_wconf 82' lang='lat' dir='ltr'><strong>lavit</strong></span> <span class='ocrx_word' id='word_1_2' title='bbox 497 751 540 818; x_wconf 86' lang='lat' dir='ltr'><strong>cf.</strong></span> <span class='ocrx_word' id='word_1_3' title='bbox 563 753 596 838; x_wconf 87' lang='grc' dir='ltr'><strong>Ρ.</strong></span> <span class='ocrx_word' id='word_1_4' title='bbox 615 753 695 820; x_wconf 79' lang='grc'><strong>660.</strong></span> <span class='ocrx_word' id='word_1_5' title='bbox 712 749 754 820; x_wconf 88' lang='lat' dir='ltr'><strong>ol.</strong></span> <span class='ocrx_word' id='word_1_6' title='bbox 774 773 805 840; x_wconf 86' lang='lat' dir='ltr'><strong>p.</strong></span> <span class='ocrx_word' id='word_1_7' title='bbox 827 749 923 834; x_wconf 73' lang='grc'><strong>648,</strong></span> <span class='ocrx_word' id='word_1_8' title='bbox 952 747 1044 814; x_wconf 86' lang='lat' dir='ltr'><strong>unde</strong></span> <span class='ocrx_word' id='word_1_9' title='bbox 1063 771 1143 816; x_wconf 89' lang='lat' dir='ltr'><strong>eum</strong></span> <span class='ocrx_word' id='word_1_10' title='bbox 1165 771 1194 814; x_wconf 83' lang='lat' dir='ltr'><strong>a.</strong></span> <span class='ocrx_word' id='word_1_11' title='bbox 1215 746 1290 814; x_wconf 81' lang='lat'><strong>428.</strong></span> <span class='ocrx_word' id='word_1_12' title='bbox 1311 738 1434 812; x_wconf 88' lang='lat' dir='ltr'><strong>obiisse</strong></span> 
     </span>
     <span class='ocr_line' id='line_1_2' title="bbox 391 837 1434 941; baseline -0.008 -21"><span class='ocrx_word' id='word_1_13' title='bbox 391 837 631 922; x_wconf 74' lang='lat' dir='ltr'><strong>verisimiliui.&#39;</strong></span> <span class='ocrx_word' id='word_1_14' title='bbox 658 854 788 920; x_wconf 78' lang='lat' dir='ltr'><strong>Eodem</strong></span> <span class='ocrx_word' id='word_1_15' title='bbox 811 852 955 938; x_wconf 86' lang='lat' dir='ltr'><strong>denique</strong></span> <span class='ocrx_word' id='word_1_16' title='bbox 977 875 1039 920; x_wconf 84' lang='lat' dir='ltr'><strong>nos</strong></span> <span class='ocrx_word' id='word_1_17' title='bbox 1055 853 1147 937; x_wconf 84' lang='lat' dir='ltr'><strong>ducit</strong></span> <span class='ocrx_word' id='word_1_18' title='bbox 1163 853 1303 941; x_wconf 87' lang='lat' dir='ltr'><strong>epistola</strong></span> <span class='ocrx_word' id='word_1_19' title='bbox 1318 851 1434 914; x_wconf 82' lang='lat' dir='ltr'><strong>Theo-</strong></span> 
     </span>
     <span class='ocr_line' id='line_1_3' title="bbox 391 953 1434 1046; baseline -0.006 -23"><span class='ocrx_word' id='word_1_20' title='bbox 391 959 499 1046; x_wconf 84' lang='lat' dir='ltr'><strong>doreti</strong></span> <span class='ocrx_word' id='word_1_21' title='bbox 522 959 564 1024; x_wconf 87' lang='lat' dir='ltr'><strong>ad</strong></span> <span class='ocrx_word' id='word_1_22' title='bbox 587 957 791 1034; x_wconf 77' lang='lat' dir='ltr'><strong>Dioscurum</strong></span> <span class='ocrx_word' id='word_1_23' title='bbox 813 977 844 1021; x_wconf 87' lang='lat' dir='ltr'><strong>a.</strong></span> <span class='ocrx_word' id='word_1_24' title='bbox 866 955 941 1022; x_wconf 86' lang='grc'><strong>448.</strong></span> <span class='ocrx_word' id='word_1_25' title='bbox 957 957 1025 1042; x_wconf 79' lang='grc' dir='ltr'><strong>,(ν.</strong></span> <span class='ocrx_word' id='word_1_26' title='bbox 1048 955 1130 1042; x_wconf 87' lang='lat' dir='ltr'><strong>Pagi</strong></span> <span class='ocrx_word' id='word_1_27' title='bbox 1151 957 1173 1020; x_wconf 92' lang='grc'><strong>1.</strong></span> <span class='ocrx_word' id='word_1_28' title='bbox 1192 957 1214 1020; x_wconf 93' lang='grc'><strong>1.</strong></span> <span class='ocrx_word' id='word_1_29' title='bbox 1236 955 1277 1020; x_wconf 87' lang='lat' dir='ltr'><strong>ad</strong></span> <span class='ocrx_word' id='word_1_30' title='bbox 1299 977 1328 1018; x_wconf 90' lang='lat' dir='ltr'><strong>a.</strong></span> <span class='ocrx_word' id='word_1_31' title='bbox 1345 953 1434 1038; x_wconf 75' lang='lat'><strong>423.)</strong></span> 
     </span>
     <span class='ocr_line' id='line_1_4' title="bbox 390 1057 1432 1146; baseline -0.004 -20"><span class='ocrx_word' id='word_1_32' title='bbox 390 1061 466 1128; x_wconf 84' lang='lat' dir='ltr'><strong>data</strong></span> <span class='ocrx_word' id='word_1_33' title='bbox 489 1059 725 1145; x_wconf 78' lang='lat' dir='ltr'><strong>(ed.Hat.‘1V.</strong></span> <span class='ocrx_word' id='word_1_34' title='bbox 748 1081 782 1145; x_wconf 87' lang='lat' dir='ltr'><strong>p.</strong></span> <span class='ocrx_word' id='word_1_35' title='bbox 801 1060 894 1124; x_wconf 88' lang='grc'><strong>1145.</strong></span> <span class='ocrx_word' id='word_1_36' title='bbox 910 1059 1016 1146; x_wconf 71' lang='lat' dir='ltr'><strong>squ),</strong></span> <span class='ocrx_word' id='word_1_37' title='bbox 1039 1058 1075 1124; x_wconf 93' lang='lat' dir='ltr'><strong>in</strong></span> <span class='ocrx_word' id='word_1_38' title='bbox 1100 1081 1165 1146; x_wconf 88' lang='lat' dir='ltr'><strong>qua</strong></span> <span class='ocrx_word' id='word_1_39' title='bbox 1187 1057 1285 1139; x_wconf 88' lang='lat' dir='ltr'><strong>dicit,</strong></span> <span class='ocrx_word' id='word_1_40' title='bbox 1307 1081 1341 1121; x_wconf 88' lang='lat' dir='ltr'><strong>se</strong></span> <span class='ocrx_word' id='word_1_41' title='bbox 1356 1057 1432 1122; x_wconf 87' lang='lat' dir='ltr'><strong>An·</strong></span> 
     </span>
     <span class='ocr_line' id='line_1_5' title="bbox 389 1161 1433 1248; baseline -0.009 -18"><span class='ocrx_word' id='word_1_42' title='bbox 389 1165 534 1230; x_wconf 80' lang='lat' dir='ltr'><strong>tiochiae</strong></span> <span class='ocrx_word' id='word_1_43' title='bbox 555 1163 617 1225; x_wconf 87' lang='lat' dir='ltr'><strong>snb</strong></span> <span class='ocrx_word' id='word_1_44' title='bbox 641 1161 693 1248; x_wconf 84' lang='lat' dir='ltr'><strong>ep.</strong></span> <span class='ocrx_word' id='word_1_45' title='bbox 721 1161 899 1228; x_wconf 88' lang='lat' dir='ltr'><strong>Theodoto</strong></span> <span class='ocrx_word' id='word_1_46' title='bbox 921 1185 982 1248; x_wconf 88' lang='lat' dir='ltr'><strong>per</strong></span> <span class='ocrx_word' id='word_1_47' title='bbox 1009 1180 1069 1226; x_wconf 81' lang='lat' dir='ltr'><strong>sex</strong></span> <span class='ocrx_word' id='word_1_48' title='bbox 1090 1183 1196 1226; x_wconf 85' lang='lat' dir='ltr'><strong>annos</strong></span> <span class='ocrx_word' id='word_1_49' title='bbox 1220 1173 1254 1242; x_wconf 84' lang='lat' dir='ltr'><strong>et</strong></span> <span class='ocrx_word' id='word_1_50' title='bbox 1274 1181 1334 1247; x_wconf 92' lang='lat' dir='ltr'><strong>per</strong></span> <span class='ocrx_word' id='word_1_51' title='bbox 1363 1170 1433 1222; x_wconf 91' lang='lat' dir='ltr'><strong>tre-</strong></span> 
     </span>
     <span class='ocr_line' id='line_1_6' title="bbox 289 1260 1432 1350; baseline -0.008 -19"><span class='ocrx_word' id='word_1_52' title='bbox 289 1285 298 1294; x_wconf 63' lang='lat'><em>*</em></span> <span class='ocrx_word' id='word_1_53' title='bbox 390 1265 498 1330; x_wconf 82' lang='lat' dir='ltr'><strong>decim</strong></span> <span class='ocrx_word' id='word_1_54' title='bbox 528 1266 591 1328; x_wconf 88' lang='lat' dir='ltr'><strong>sub</strong></span> <span class='ocrx_word' id='word_1_55' title='bbox 615 1283 668 1349; x_wconf 86' lang='lat' dir='ltr'><strong>ep.</strong></span> <span class='ocrx_word' id='word_1_56' title='bbox 700 1262 850 1328; x_wconf 81' lang='lat' dir='ltr'><strong>Iohanne</strong></span> <span class='ocrx_word' id='word_1_57' title='bbox 882 1263 1047 1344; x_wconf 82' lang='lat' dir='ltr'><strong>docuisse,</strong></span> <span class='ocrx_word' id='word_1_58' title='bbox 1079 1265 1146 1329; x_wconf 86' lang='lat' dir='ltr'><strong>iam</strong></span> <span class='ocrx_word' id='word_1_59' title='bbox 1175 1263 1358 1350; x_wconf 87' lang='lat' dir='ltr'><strong>septimum</strong></span> <span class='ocrx_word' id='word_1_60' title='bbox 1380 1260 1432 1344; x_wconf 86' lang='lat' dir='ltr'><strong>agi</strong></span> 
     </span>
     <span class='ocr_line' id='line_1_7' title="bbox 390 1365 1431 1452; baseline -0.009 -20"><span class='ocrx_word' id='word_1_61' title='bbox 390 1389 538 1450; x_wconf 87' lang='lat' dir='ltr'><strong>annom,</strong></span> <span class='ocrx_word' id='word_1_62' title='bbox 562 1387 629 1452; x_wconf 91' lang='lat' dir='ltr'><strong>quo</strong></span> <span class='ocrx_word' id='word_1_63' title='bbox 647 1365 708 1428; x_wconf 88' lang='lat' dir='ltr'><strong>sub</strong></span> <span class='ocrx_word' id='word_1_64' title='bbox 730 1387 782 1451; x_wconf 89' lang='lat' dir='ltr'><strong>ep.</strong></span> <span class='ocrx_word' id='word_1_65' title='bbox 796 1366 933 1430; x_wconf 89' lang='lat' dir='ltr'><strong>Domno</strong></span> <span class='ocrx_word' id='word_1_66' title='bbox 953 1365 1078 1431; x_wconf 87' lang='lat' dir='ltr'><strong>doceat.</strong></span> <span class='ocrx_word' id='word_1_67' title='bbox 1098 1397 1141 1410; x_wconf 91' lang='lat'><strong>·-</strong></span> <span class='ocrx_word' id='word_1_68' title='bbox 1185 1366 1431 1452; x_wconf 70' lang='lat' dir='ltr'><strong>Episcopatnm</strong></span> 
     </span>
     <span class='ocr_line' id='line_1_8' title="bbox 390 1464 1430 1555; baseline -0.009 -19"><span class='ocrx_word' id='word_1_69' title='bbox 390 1471 429 1536; x_wconf 88' lang='lat' dir='ltr'><strong>in</strong></span> <span class='ocrx_word' id='word_1_70' title='bbox 458 1492 525 1555; x_wconf 93' lang='lat' dir='ltr'><strong>quo</strong></span> <span class='ocrx_word' id='word_1_71' title='bbox 555 1467 693 1552; x_wconf 81' lang='lat' dir='ltr'><strong>triginta</strong></span> <span class='ocrx_word' id='word_1_72' title='bbox 720 1489 782 1532; x_wconf 83' lang='lat' dir='ltr'><strong>sex</strong></span> <span class='ocrx_word' id='word_1_73' title='bbox 804 1488 910 1530; x_wconf 85' lang='lat' dir='ltr'><strong>annos</strong></span> <span class='ocrx_word' id='word_1_74' title='bbox 930 1467 1090 1554; x_wconf 82' lang='lat' dir='ltr'><strong>transegit</strong></span> <span class='ocrx_word' id='word_1_75' title='bbox 1112 1465 1154 1534; x_wconf 88' lang='lat' dir='ltr'><strong>cf.</strong></span> <span class='ocrx_word' id='word_1_76' title='bbox 1173 1467 1376 1532; x_wconf 83' lang='lat' dir='ltr'><strong>Theodoret.</strong></span> <span class='ocrx_word' id='word_1_77' title='bbox 1398 1464 1430 1527; x_wconf 91' lang='lat' dir='ltr'><strong>h.</strong></span> 
     </span>
     <span class='ocr_line' id='line_1_9' title="bbox 391 1567 1431 1655; baseline -0.008 -17"><span class='ocrx_word' id='word_1_78' title='bbox 391 1597 421 1640; x_wconf 88' lang='lat' dir='ltr'><strong>e.</strong></span> <span class='ocrx_word' id='word_1_79' title='bbox 444 1575 486 1655; x_wconf 83' lang='lat'><strong>5,</strong></span> <span class='ocrx_word' id='word_1_80' title='bbox 508 1567 579 1652; x_wconf 59' lang='lat'><strong>39„</strong></span> <span class='ocrx_word' id='word_1_81' title='bbox 609 1567 809 1636; x_wconf 87' lang='lat' dir='ltr'><strong>Theodorus</strong></span> <span class='ocrx_word' id='word_1_82' title='bbox 832 1579 889 1634; x_wconf 86' lang='lat' dir='ltr'><strong>ant</strong></span> <span class='ocrx_word' id='word_1_83' title='bbox 907 1581 1051 1636; x_wconf 84' lang='lat' dir='ltr'><strong>exeunte</strong></span> <span class='ocrx_word' id='word_1_84' title='bbox 1071 1593 1099 1636; x_wconf 89' lang='lat' dir='ltr'><strong>a.</strong></span> <span class='ocrx_word' id='word_1_85' title='bbox 1121 1573 1198 1635; x_wconf 79' lang='lat'><strong>392.</strong></span> <span class='ocrx_word' id='word_1_86' title='bbox 1218 1582 1276 1636; x_wconf 87' lang='lat' dir='ltr'><strong>aut</strong></span> <span class='ocrx_word' id='word_1_87' title='bbox 1297 1569 1431 1634; x_wconf 87' lang='lat' dir='ltr'><strong>ineunte</strong></span> 
     </span>
     <span class='ocr_line' id='line_1_10' title="bbox 367 1673 1430 1762; baseline -0.009 -20"><span class='ocrx_word' id='word_1_88' title='bbox 367 1715 368 1721; x_wconf 21' lang='grc' dir='ltr'><strong>κ</strong></span> <span class='ocrx_word' id='word_1_89' title='bbox 392 1680 468 1742; x_wconf 87' lang='grc'><strong>898.</strong></span> <span class='ocrx_word' id='word_1_90' title='bbox 492 1675 632 1762; x_wconf 85' lang='lat' dir='ltr'><strong>adeptus</strong></span> <span class='ocrx_word' id='word_1_91' title='bbox 655 1683 710 1737; x_wconf 88' lang='lat' dir='ltr'><strong>est.</strong></span> <span class='ocrx_word' id='word_1_92' title='bbox 753 1674 842 1739; x_wconf 87' lang='lat' dir='ltr'><strong>Eum</strong></span> <span class='ocrx_word' id='word_1_93' title='bbox 864 1693 894 1736; x_wconf 83' lang='lat' dir='ltr'><strong>a.</strong></span> <span class='ocrx_word' id='word_1_94' title='bbox 917 1675 992 1738; x_wconf 82' lang='lat'><strong>382.</strong></span> <span class='ocrx_word' id='word_1_95' title='bbox 1015 1685 1074 1740; x_wconf 89' lang='lat' dir='ltr'><strong>aut</strong></span> <span class='ocrx_word' id='word_1_96' title='bbox 1095 1677 1170 1738; x_wconf 89' lang='grc'><strong>888.</strong></span> <span class='ocrx_word' id='word_1_97' title='bbox 1196 1673 1430 1760; x_wconf 83' lang='lat' dir='ltr'><strong>presbyterum</strong></span> 
     </span>
     <span class='ocr_line' id='line_1_11' title="bbox 389 1761 1431 1859; baseline -0.008 -16"><span class='ocrx_word' id='word_1_98' title='bbox 389 1777 645 1844; x_wconf 80' lang='lat' dir='ltr'><strong>Antiochenam</strong></span> <span class='ocrx_word' id='word_1_99' title='bbox 681 1772 809 1838; x_wconf 80' lang='lat' dir='ltr'><strong>factum</strong></span> <span class='ocrx_word' id='word_1_100' title='bbox 845 1795 935 1855; x_wconf 84' lang='lat' dir='ltr'><strong>esse,</strong></span> <span class='ocrx_word' id='word_1_101' title='bbox 969 1761 1188 1840; x_wconf 84' lang='lat' dir='ltr'><strong>Tillemontii.</strong></span> <span class='ocrx_word' id='word_1_102' title='bbox 1206 1775 1227 1840; x_wconf 87' lang='grc'><strong>1.</strong></span> <span class='ocrx_word' id='word_1_103' title='bbox 1255 1775 1276 1839; x_wconf 94' lang='grc'><strong>1.</strong></span> <span class='ocrx_word' id='word_1_104' title='bbox 1305 1795 1338 1859; x_wconf 88' lang='grc' dir='ltr'><strong>Ρ.</strong></span> <span class='ocrx_word' id='word_1_105' title='bbox 1358 1773 1431 1836; x_wconf 89' lang='grc'><strong>486.</strong></span> 
     </span>
     <span class='ocr_line' id='line_1_12' title="bbox 381 1873 1431 1961; baseline -0.008 -18"><span class='ocrx_word' id='word_1_106' title='bbox 381 1889 439 1943; x_wconf 80' lang='lat' dir='ltr'><strong>est</strong></span> <span class='ocrx_word' id='word_1_107' title='bbox 458 1877 669 1957; x_wconf 73' lang='lat' dir='ltr'><strong>coniectura,¹</strong></span> <span class='ocrx_word' id='word_1_108' title='bbox 696 1875 797 1940; x_wconf 89' lang='lat' dir='ltr'><strong>haud·</strong></span> <span class='ocrx_word' id='word_1_109' title='bbox 817 1874 960 1938; x_wconf 83' lang='lat' dir='ltr'><strong>absurde</strong></span> <span class='ocrx_word' id='word_1_110' title='bbox 990 1877 1208 1961; x_wconf 80' lang='lat' dir='ltr'><strong>illaquidem</strong></span> <span class='ocrx_word' id='word_1_111' title='bbox 1238 1875 1351 1938; x_wconf 88' lang='lat' dir='ltr'><strong>verbis</strong></span> <span class='ocrx_word' id='word_1_112' title='bbox 1376 1873 1431 1936; x_wconf 92' lang='lat' dir='ltr'><strong>Io·</strong></span> 
     </span>
     <span class='ocr_line' id='line_1_13' title="bbox 370 1974 1431 2067; baseline -0.007 -20"><span class='ocrx_word' id='word_1_113' title='bbox 370 1975 510 2047; x_wconf 61' lang='lat' dir='ltr'><strong>*hannis</strong></span> <span class='ocrx_word' id='word_1_114' title='bbox 533 2001 586 2067; x_wconf 82' lang='lat' dir='ltr'><strong>ep.</strong></span> <span class='ocrx_word' id='word_1_115' title='bbox 600 1977 684 2044; x_wconf 84' lang='lat' dir='ltr'><strong>Ant.</strong></span> <span class='ocrx_word' id='word_1_116' title='bbox 705 1999 758 2066; x_wconf 86' lang='lat' dir='ltr'><strong>ap.</strong></span> <span class='ocrx_word' id='word_1_117' title='bbox 780 1974 928 2042; x_wconf 87' lang='lat' dir='ltr'><strong>Facund.</strong></span> <span class='ocrx_word' id='word_1_118' title='bbox 943 1975 975 2060; x_wconf 83' lang='lat'><strong>¹)</strong></span> <span class='ocrx_word' id='word_1_119' title='bbox 993 1984 1025 2056; x_wconf 75' lang='lat'><strong>2,</strong></span> <span class='ocrx_word' id='word_1_120' title='bbox 1047 1981 1078 2042; x_wconf 80' lang='lat'><strong>2.</strong></span> <span class='ocrx_word' id='word_1_121' title='bbox 1099 1979 1280 2063; x_wconf 88' lang='lat' dir='ltr'><strong>„quinque</strong></span> <span class='ocrx_word' id='word_1_122' title='bbox 1298 1988 1332 2040; x_wconf 88' lang='lat' dir='ltr'><strong>et</strong></span> <span class='ocrx_word' id='word_1_123' title='bbox 1348 1997 1431 2061; x_wconf 90' lang='lat' dir='ltr'><strong>qua·</strong></span> 
     </span>
     <span class='ocr_line' id='line_1_14' title="bbox 391 2078 1430 2168; baseline -0.006 -19"><span class='ocrx_word' id='word_1_124' title='bbox 391 2083 542 2168; x_wconf 80' lang='lat' dir='ltr'><strong>draginta</strong></span> <span class='ocrx_word' id='word_1_125' title='bbox 570 2080 666 2146; x_wconf 89' lang='lat' dir='ltr'><strong>annis</strong></span> <span class='ocrx_word' id='word_1_126' title='bbox 695 2079 782 2144; x_wconf 88' lang='lat' dir='ltr'><strong>clare</strong></span> <span class='ocrx_word' id='word_1_127' title='bbox 810 2078 846 2142; x_wconf 92' lang='lat' dir='ltr'><strong>in</strong></span> <span class='ocrx_word' id='word_1_128' title='bbox 874 2078 1027 2144; x_wconf 86' lang='lat' dir='ltr'><strong>doctrina</strong></span> <span class='ocrx_word' id='word_1_129' title='bbox 1055 2079 1258 2166; x_wconf 84' lang='lat' dir='ltr'><strong>praefulsit“</strong></span> <span class='ocrx_word' id='word_1_130' title='bbox 1279 2115 1323 2128; x_wconf 89' lang='lat'>-</span> <span class='ocrx_word' id='word_1_131' title='bbox 1351 2113 1430 2162; x_wconf 89' lang='lat'><strong>„-</strong></span> 
     </span>
     <span class='ocr_line' id='line_1_15' title="bbox 391 2179 1430 2270; baseline -0.004 -22"><span class='ocrx_word' id='word_1_132' title='bbox 391 2181 631 2268; x_wconf 84' lang='lat' dir='ltr'><strong>quinquaginta</strong></span> <span class='ocrx_word' id='word_1_133' title='bbox 653 2203 762 2270; x_wconf 88' lang='lat' dir='ltr'><strong>paene</strong></span> <span class='ocrx_word' id='word_1_134' title='bbox 781 2179 878 2246; x_wconf 84' lang='lat' dir='ltr'><strong>annia</strong></span> <span class='ocrx_word' id='word_1_135' title='bbox 897 2179 1031 2247; x_wconf 87' lang='lat' dir='ltr'><strong>fortiter</strong></span> <span class='ocrx_word' id='word_1_136' title='bbox 1044 2195 1291 2269; x_wconf 74' lang='lat' dir='ltr'><strong>repugnantem</strong></span> <span class='ocrx_word' id='word_1_137' title='bbox 1305 2182 1430 2248; x_wconf 86' lang='lat' dir='ltr'><strong>cunctis</strong></span> 
     </span>
     <span class='ocr_line' id='line_1_16' title="bbox 390 2273 1430 2363; baseline -0.005 -10"><span class='ocrx_word' id='word_1_138' title='bbox 390 2285 580 2353; x_wconf 74' lang='lat' dir='ltr'><strong>haeresibus</strong></span> <span class='ocrx_word' id='word_1_139' title='bbox 594 2273 668 2334; x_wconf 61' lang='grc'><strong>-’-“</strong></span> <span class='ocrx_word' id='word_1_140' title='bbox 691 2283 840 2363; x_wconf 88' lang='lat' dir='ltr'><strong>firmata,</strong></span> <span class='ocrx_word' id='word_1_141' title='bbox 863 2281 1044 2348; x_wconf 87' lang='lat' dir='ltr'><strong>admodum</strong></span> <span class='ocrx_word' id='word_1_142' title='bbox 1066 2294 1181 2348; x_wconf 82' lang='lat' dir='ltr'><strong>tamen</strong></span> <span class='ocrx_word' id='word_1_143' title='bbox 1201 2284 1312 2351; x_wconf 89' lang='lat' dir='ltr'><strong>dubia.</strong></span> <span class='ocrx_word' id='word_1_144' title='bbox 1355 2285 1430 2350; x_wconf 91' lang='lat' dir='ltr'><strong>Na·</strong></span> 
     </span>
     <span class='ocr_line' id='line_1_17' title="bbox 391 2384 1430 2475; baseline -0.006 -19"><span class='ocrx_word' id='word_1_145' title='bbox 391 2399 525 2456; x_wconf 85' lang='lat' dir='ltr'><strong>tuaest</strong></span> <span class='ocrx_word' id='word_1_146' title='bbox 554 2410 585 2452; x_wconf 86' lang='lat' dir='ltr'><strong>a.</strong></span> <span class='ocrx_word' id='word_1_147' title='bbox 608 2387 706 2469; x_wconf 66' lang='lat'><strong>350„</strong></span> <span class='ocrx_word' id='word_1_148' title='bbox 734 2385 901 2468; x_wconf 86' lang='lat' dir='ltr'><strong>siquidem</strong></span> <span class='ocrx_word' id='word_1_149' title='bbox 924 2384 1053 2472; x_wconf 79' lang='lat' dir='ltr'><strong>priores</strong></span> <span class='ocrx_word' id='word_1_150' title='bbox 1083 2385 1170 2452; x_wconf 88' lang='lat' dir='ltr'><strong>duae</strong></span> <span class='ocrx_word' id='word_1_151' title='bbox 1200 2385 1430 2475; x_wconf 76' lang='lat' dir='ltr'><strong>chrysostomi</strong></span> 
     </span>
     <span class='ocr_line' id='line_1_18' title="bbox 391 2487 1430 2576; baseline -0.005 -18"><span class='ocrx_word' id='word_1_152' title='bbox 391 2492 434 2558; x_wconf 88' lang='lat' dir='ltr'><strong>ad</strong></span> <span class='ocrx_word' id='word_1_153' title='bbox 462 2489 682 2558; x_wconf 87' lang='lat' dir='ltr'><strong>Theodorum</strong></span> <span class='ocrx_word' id='word_1_154' title='bbox 711 2487 871 2576; x_wconf 86' lang='lat' dir='ltr'><strong>epistolae</strong></span> <span class='ocrx_word' id='word_1_155' title='bbox 896 2499 986 2553; x_wconf 85' lang='lat' dir='ltr'><strong>recte</strong></span> <span class='ocrx_word' id='word_1_156' title='bbox 1016 2489 1058 2554; x_wconf 88' lang='lat' dir='ltr'><strong>ad</strong></span> <span class='ocrx_word' id='word_1_157' title='bbox 1087 2511 1117 2554; x_wconf 80' lang='lat' dir='ltr'><strong>a.</strong></span> <span class='ocrx_word' id='word_1_158' title='bbox 1140 2495 1211 2558; x_wconf 88' lang='grc'><strong>869.</strong></span> <span class='ocrx_word' id='word_1_159' title='bbox 1238 2489 1430 2556; x_wconf 84' lang='lat' dir='ltr'><strong>referuntur</strong></span> 
     </span>
     <span class='ocr_line' id='line_1_19' title="bbox 341 2583 1459 2679; baseline -0.002 -19"><span class='ocrx_word' id='word_1_160' title='bbox 341 2604 343 2614; x_wconf 92' lang='lat'>&#39;</span> <span class='ocrx_word' id='word_1_161' title='bbox 391 2592 435 2660; x_wconf 81' lang='lat' dir='ltr'><strong>cf.</strong></span> <span class='ocrx_word' id='word_1_162' title='bbox 459 2591 633 2679; x_wconf 82' lang='lat' dir='ltr'><strong>Chrysost·</strong></span> <span class='ocrx_word' id='word_1_163' title='bbox 662 2590 730 2679; x_wconf 89' lang='lat' dir='ltr'><strong>Op.</strong></span> <span class='ocrx_word' id='word_1_164' title='bbox 751 2591 778 2658; x_wconf 86' lang='grc' dir='ltr'><strong>Ι.</strong></span> <span class='ocrx_word' id='word_1_165' title='bbox 805 2583 839 2678; x_wconf 88' lang='grc' dir='ltr'><strong>Ρ.</strong></span> <span class='ocrx_word' id='word_1_166' title='bbox 865 2594 918 2654; x_wconf 88' lang='grc'><strong>89.</strong></span> <span class='ocrx_word' id='word_1_167' title='bbox 940 2625 984 2639; x_wconf 91' lang='grc'>-</span> <span class='ocrx_word' id='word_1_168' title='bbox 1010 2597 1081 2676; x_wconf 75' lang='grc' dir='ltr'><strong>νῦν,</strong></span> <span class='ocrx_word' id='word_1_169' title='bbox 1106 2590 1159 2659; x_wconf 81' lang='grc' dir='ltr'><strong>ὅτε</strong></span> <span class='ocrx_word' id='word_1_170' title='bbox 1186 2591 1273 2660; x_wconf 79' lang='lat' dir='ltr'><strong>ob&#39;rro</strong></span> <span class='ocrx_word' id='word_1_171' title='bbox 1292 2587 1428 2659; x_wconf 74' lang='grc' dir='ltr'><strong>εἰκοστόν</strong></span> <span class='ocrx_word' id='word_1_172' title='bbox 1458 2611 1459 2618; x_wconf 65' lang='grc'><strong>“</strong></span> 
     </span>
     <span class='ocr_line' id='line_1_20' title="bbox 390 2691 1458 2783; baseline -0.001 -21"><span class='ocrx_word' id='word_1_173' title='bbox 390 2693 474 2782; x_wconf 70' lang='grc' dir='ltr'><strong><em>ἄγεις</em></strong></span> <span class='ocrx_word' id='word_1_174' title='bbox 498 2694 578 2770; x_wconf 75' lang='grc' dir='ltr'><strong>ἔτος.</strong></span> <span class='ocrx_word' id='word_1_175' title='bbox 621 2693 710 2782; x_wconf 82' lang='lat' dir='ltr'><strong>Eum</strong></span> <span class='ocrx_word' id='word_1_176' title='bbox 749 2705 840 2758; x_wconf 87' lang='lat' dir='ltr'><strong>certe</strong></span> <span class='ocrx_word' id='word_1_177' title='bbox 878 2693 939 2758; x_wconf 87' lang='lat' dir='ltr'><strong>illo</strong></span> <span class='ocrx_word' id='word_1_178' title='bbox 969 2691 1041 2759; x_wconf 86' lang='lat' dir='ltr'><strong>fere</strong></span> <span class='ocrx_word' id='word_1_179' title='bbox 1078 2706 1232 2783; x_wconf 87' lang='lat' dir='ltr'><strong>tempore</strong></span> <span class='ocrx_word' id='word_1_180' title='bbox 1254 2695 1293 2762; x_wconf 85' lang='lat' dir='ltr'><strong>in</strong></span> <span class='ocrx_word' id='word_1_181' title='bbox 1320 2698 1427 2762; x_wconf 87' lang='lat' dir='ltr'><strong>lucem</strong></span> <span class='ocrx_word' id='word_1_182' title='bbox 1457 2703 1458 2715; x_wconf 61' lang='lat'>¹</span> 
     </span>
     <span class='ocr_line' id='line_1_21' title="bbox 268 2785 1457 2888; baseline -0.001 -25"><span class='ocrx_word' id='word_1_183' title='bbox 268 2877 274 2888; x_wconf 26' lang='grc' dir='ltr'>ι</span> <span class='ocrx_word' id='word_1_184' title='bbox 391 2798 628 2873; x_wconf 66' lang='lat' dir='ltr'><strong>attenuasse,</strong></span> <span class='ocrx_word' id='word_1_185' title='bbox 650 2793 812 2875; x_wconf 88' lang='lat' dir='ltr'><strong>rationes,</strong></span> <span class='ocrx_word' id='word_1_186' title='bbox 834 2795 956 2880; x_wconf 89' lang='lat' dir='ltr'><strong>quibus</strong></span> <span class='ocrx_word' id='word_1_187' title='bbox 978 2802 1056 2862; x_wconf 89' lang='lat' dir='ltr'><strong>c&#39;um</strong></span> <span class='ocrx_word' id='word_1_188' title='bbox 1072 2796 1311 2885; x_wconf 84' lang='lat' dir='ltr'><strong>Chrysostcmo</strong></span> <span class='ocrx_word' id='word_1_189' title='bbox 1334 2811 1429 2864; x_wconf 87' lang='lat' dir='ltr'><strong>tene·</strong></span> <span class='ocrx_word' id='word_1_190' title='bbox 1456 2785 1457 2810; x_wconf 55' lang='lat'>¹</span> 
     </span>
     <span class='ocr_line' id='line_1_22' title="bbox 393 2891 1456 2979; baseline -0.001 -14"><span class='ocrx_word' id='word_1_191' title='bbox 393 2901 491 2965; x_wconf 87' lang='lat' dir='ltr'><strong>batur</strong></span> <span class='ocrx_word' id='word_1_192' title='bbox 519 2892 572 2979; x_wconf 82' lang='lat' dir='ltr'><strong>(v.</strong></span> <span class='ocrx_word' id='word_1_193' title='bbox 601 2891 700 2979; x_wconf 77' lang='lat' dir='ltr'><strong>int),</strong></span> <span class='ocrx_word' id='word_1_194' title='bbox 740 2908 937 2978; x_wconf 88' lang='lat' dir='ltr'><strong>argumento</strong></span> <span class='ocrx_word' id='word_1_195' title='bbox 971 2911 1061 2960; x_wconf 89' lang='lat' dir='ltr'><strong>sunt.</strong></span> <span class='ocrx_word' id='word_1_196' title='bbox 1111 2900 1157 2965; x_wconf 92' lang='lat' dir='ltr'><strong>Et</strong></span> <span class='ocrx_word' id='word_1_197' title='bbox 1191 2901 1326 2966; x_wconf 84' lang='lat' dir='ltr'><strong>videtur</strong></span> <span class='ocrx_word' id='word_1_198' title='bbox 1351 2923 1427 2967; x_wconf 86' lang='lat' dir='ltr'><strong>sane</strong></span> <span class='ocrx_word' id='word_1_199' title='bbox 1455 2893 1456 2902; x_wconf 40' lang='lat'>¹</span> 
     </span>
     <span class='ocr_line' id='line_1_23' title="bbox 393 2994 1426 3085; baseline 0.005 -22"><span class='ocrx_word' id='word_1_200' title='bbox 393 3002 634 3085; x_wconf 78' lang='lat' dir='ltr'><strong>chrysostomo</strong></span> <span class='ocrx_word' id='word_1_201' title='bbox 670 2994 799 3059; x_wconf 90' lang='lat' dir='ltr'><strong>duobus</strong></span> <span class='ocrx_word' id='word_1_202' title='bbox 832 2996 982 3062; x_wconf 82' lang='lat' dir='ltr'><strong>tribusve</strong></span> <span class='ocrx_word' id='word_1_203' title='bbox 1017 2998 1113 3065; x_wconf 91' lang='lat' dir='ltr'><strong>annis</strong></span> <span class='ocrx_word' id='word_1_204' title='bbox 1148 3001 1292 3067; x_wconf 83' lang='lat' dir='ltr'><strong>inferior</strong></span> <span class='ocrx_word' id='word_1_205' title='bbox 1319 3002 1426 3068; x_wconf 87' lang='lat' dir='ltr'><strong>fuisse.</strong></span> 
     </span>
     <span class='ocr_line' id='line_1_24' title="bbox 391 3087 1453 3192; baseline 0.005 -24"><span class='ocrx_word' id='word_1_206' title='bbox 391 3103 515 3188; x_wconf 86' lang='lat' dir='ltr'><strong>Itaque</strong></span> <span class='ocrx_word' id='word_1_207' title='bbox 547 3106 749 3178; x_wconf 85' lang='lat' dir='ltr'><strong>„senectute</strong></span> <span class='ocrx_word' id='word_1_208' title='bbox 785 3119 869 3162; x_wconf 87' lang='lat' dir='ltr'><strong>cana</strong></span> <span class='ocrx_word' id='word_1_209' title='bbox 906 3097 1123 3166; x_wconf 85' lang='lat' dir='ltr'><strong>debilitatus“</strong></span> <span class='ocrx_word' id='word_1_210' title='bbox 1148 3100 1191 3166; x_wconf 86' lang='lat' dir='ltr'><strong>cf.</strong></span> <span class='ocrx_word' id='word_1_211' title='bbox 1221 3087 1368 3192; x_wconf 76' lang='lat' dir='ltr'><strong>Hesyih.</strong></span> <span class='ocrx_word' id='word_1_212' title='bbox 1393 3109 1453 3186; x_wconf 44' lang='lat' dir='ltr'><strong>in1</strong></span> 
     </span>
     <span class='ocr_line' id='line_1_25' title="bbox 391 3197 1452 3297; baseline 0.001 -22"><span class='ocrx_word' id='word_1_213' title='bbox 391 3207 470 3276; x_wconf 89' lang='lat' dir='ltr'><strong>Act.</strong></span> <span class='ocrx_word' id='word_1_214' title='bbox 498 3201 535 3268; x_wconf 88' lang='lat' dir='ltr'><strong>C.</strong></span> <span class='ocrx_word' id='word_1_215' title='bbox 560 3201 673 3286; x_wconf 85' lang='lat' dir='ltr'><strong>Const.</strong></span> <span class='ocrx_word' id='word_1_216' title='bbox 696 3199 741 3268; x_wconf 85' lang='lat'><strong>11.</strong></span> <span class='ocrx_word' id='word_1_217' title='bbox 761 3200 806 3266; x_wconf 93' lang='lat' dir='ltr'><strong>A.</strong></span> <span class='ocrx_word' id='word_1_218' title='bbox 827 3197 869 3268; x_wconf 91' lang='lat' dir='ltr'><strong>V.</strong></span> <span class='ocrx_word' id='word_1_219' title='bbox 897 3201 1004 3268; x_wconf 90' lang='lat' dir='ltr'><strong>Hard.</strong></span> <span class='ocrx_word' id='word_1_220' title='bbox 1034 3201 1136 3272; x_wconf 85' lang='lat' dir='ltr'><strong>Conc.</strong></span> <span class='ocrx_word' id='word_1_221' title='bbox 1158 3205 1218 3272; x_wconf 90' lang='lat'><strong>111.</strong></span> <span class='ocrx_word' id='word_1_222' title='bbox 1247 3231 1280 3297; x_wconf 89' lang='lat' dir='ltr'><strong>p.</strong></span> <span class='ocrx_word' id='word_1_223' title='bbox 1303 3212 1375 3276; x_wconf 89' lang='grc'><strong>104.</strong></span> <span class='ocrx_word' id='word_1_224' title='bbox 1397 3224 1426 3276; x_wconf 87' lang='lat' dir='ltr'><strong>et</strong></span> <span class='ocrx_word' id='word_1_225' title='bbox 1451 3261 1452 3280; x_wconf 67' lang='grc'><strong>.</strong></span> 
     </span>
     <span class='ocr_line' id='line_1_26' title="bbox 390 3301 1451 3400; baseline 0.003 -29"><span class='ocrx_word' id='word_1_226' title='bbox 390 3329 425 3394; x_wconf 84' lang='grc' dir='ltr'><strong>Ρ.-</strong></span> <span class='ocrx_word' id='word_1_227' title='bbox 447 3307 523 3370; x_wconf 79' lang='lat'><strong>432.</strong></span> <span class='ocrx_word' id='word_1_228' title='bbox 546 3301 583 3365; x_wconf 92' lang='lat' dir='ltr'><strong>in</strong></span> <span class='ocrx_word' id='word_1_229' title='bbox 605 3303 811 3392; x_wconf 81' lang='lat' dir='ltr'><strong>Pelagpap.</strong></span> <span class='ocrx_word' id='word_1_230' title='bbox 831 3325 883 3390; x_wconf 93' lang='lat' dir='ltr'><strong>ep.</strong></span> <span class='ocrx_word' id='word_1_231' title='bbox 906 3305 968 3370; x_wconf 92' lang='lat' dir='ltr'><strong>lll.</strong></span> <span class='ocrx_word' id='word_1_232' title='bbox 991 3305 1033 3371; x_wconf 89' lang='lat' dir='ltr'><strong>ad</strong></span> <span class='ocrx_word' id='word_1_233' title='bbox 1053 3306 1218 3374; x_wconf 77' lang='lat' dir='ltr'><strong>Eliamet</strong></span> <span class='ocrx_word' id='word_1_234' title='bbox 1238 3312 1355 3376; x_wconf 88' lang='lat' dir='ltr'><strong>Istriae</strong></span> <span class='ocrx_word' id='word_1_235' title='bbox 1377 3336 1425 3400; x_wconf 90' lang='lat' dir='ltr'><strong>ep.</strong></span> <span class='ocrx_word' id='word_1_236' title='bbox 1450 3349 1451 3374; x_wconf 74' lang='lat' dir='ltr'><strong>t</strong></span> 
     </span>
     <span class='ocr_line' id='line_1_27' title="bbox 344 3404 1450 3490; baseline 0.009 -16"><span class='ocrx_word' id='word_1_237' title='bbox 344 3474 348 3484; x_wconf 84' lang='grc'><em>,</em></span> <span class='ocrx_word' id='word_1_238' title='bbox 389 3430 492 3474; x_wconf 87' lang='lat' dir='ltr'><strong>senex</strong></span> <span class='ocrx_word' id='word_1_239' title='bbox 513 3404 723 3490; x_wconf 87' lang='lat' dir='ltr'><strong>septuaginta</strong></span> <span class='ocrx_word' id='word_1_240' title='bbox 740 3404 814 3470; x_wconf 85' lang='lat' dir='ltr'><strong>fere</strong></span> <span class='ocrx_word' id='word_1_241' title='bbox 836 3417 871 3472; x_wconf 85' lang='lat' dir='ltr'><strong>et</strong></span> <span class='ocrx_word' id='word_1_242' title='bbox 892 3419 966 3479; x_wconf 87' lang='lat' dir='ltr'><strong>octo</strong></span> <span class='ocrx_word' id='word_1_243' title='bbox 989 3431 1155 3478; x_wconf 78' lang='lat' dir='ltr'><strong>annorum</strong></span> <span class='ocrx_word' id='word_1_244' title='bbox 1175 3413 1390 3483; x_wconf 88' lang='lat' dir='ltr'><strong>obdormivit.</strong></span> <span class='ocrx_word' id='word_1_245' title='bbox 1449 3409 1450 3466; x_wconf 72' lang='grc'><strong>1</strong></span> 
     </span>
     <span class='ocr_line' id='line_1_28' title="bbox 640 3567 1448 3665; baseline -0.004 -7"><span class='ocrx_word' id='word_1_246' title='bbox 640 3567 646 3576; x_wconf 61' lang='lat'><em>*</em></span> <span class='ocrx_word' id='word_1_247' title='bbox 1193 3653 1198 3665; x_wconf 86' lang='grc'>,</span> <span class='ocrx_word' id='word_1_248' title='bbox 1447 3607 1448 3655; x_wconf 90' lang='grc'><strong>1</strong></span> 
     </span>
     <span class='ocr_line' id='line_1_29' title="bbox 458 3679 1447 3764; baseline 0.008 -16"><span class='ocrx_word' id='word_1_249' title='bbox 458 3717 460 3722; x_wconf 60' lang='grc'>’</span> <span class='ocrx_word' id='word_1_250' title='bbox 493 3694 531 3748; x_wconf 82' lang='lat' dir='ltr'><strong>ris</strong></span> <span class='ocrx_word' id='word_1_251' title='bbox 545 3689 690 3746; x_wconf 80' lang='lat' dir='ltr'><strong>secundum</strong></span> <span class='ocrx_word' id='word_1_252' title='bbox 703 3691 855 3764; x_wconf 82' lang='lat' dir='ltr'><strong>ingenium,</strong></span> <span class='ocrx_word' id='word_1_253' title='bbox 869 3695 957 3752; x_wconf 89' lang='lat' dir='ltr'><strong>multo</strong></span> <span class='ocrx_word' id='word_1_254' title='bbox 971 3695 1112 3753; x_wconf 87' lang='lat' dir='ltr'><strong>meliorem</strong></span> <span class='ocrx_word' id='word_1_255' title='bbox 1125 3715 1182 3754; x_wconf 88' lang='lat' dir='ltr'><strong>cur.</strong></span> <span class='ocrx_word' id='word_1_256' title='bbox 1192 3699 1257 3755; x_wconf 87' lang='lat' dir='ltr'><strong>Par.</strong></span> <span class='ocrx_word' id='word_1_257' title='bbox 1274 3701 1350 3758; x_wconf 89' lang='grc'><strong>1684.</strong></span> <span class='ocrx_word' id='word_1_258' title='bbox 1385 3703 1422 3757; x_wconf 81' lang='lat' dir='ltr'><strong>Ad</strong></span> <span class='ocrx_word' id='word_1_259' title='bbox 1445 3679 1447 3750; x_wconf 90' lang='grc'><strong>1</strong></span> 
     </span>
    </p>
   </div>
   <div class='ocr_carea' id='block_1_2' title="bbox 430 3775 1422 3942">
    <p class='ocr_par' dir='ltr' id='par_1_2' title="bbox 430 3775 1422 3942">
     <span class='ocr_line' id='line_1_30' title="bbox 430 3775 1422 3858; baseline 0.006 -25"><span class='ocrx_word' id='word_1_260' title='bbox 430 3793 433 3798; x_wconf 90' lang='grc'><strong>’</strong></span> <span class='ocrx_word' id='word_1_261' title='bbox 493 3777 598 3833; x_wconf 85' lang='lat' dir='ltr'><strong>Baluzii</strong></span> <span class='ocrx_word' id='word_1_262' title='bbox 621 3775 745 3838; x_wconf 71' lang='lat' dir='ltr'><strong>edsius</strong></span> <span class='ocrx_word' id='word_1_263' title='bbox 767 3799 812 3852; x_wconf 72' lang='lat' dir='ltr'><strong>op.</strong></span> <span class='ocrx_word' id='word_1_264' title='bbox 834 3781 863 3834; x_wconf 86' lang='lat' dir='ltr'><strong>in</strong></span> <span class='ocrx_word' id='word_1_265' title='bbox 882 3781 1013 3836; x_wconf 88' lang='lat' dir='ltr'><strong>Gallandii</strong></span> <span class='ocrx_word' id='word_1_266' title='bbox 1034 3783 1098 3837; x_wconf 86' lang='lat' dir='ltr'><strong>bibl.</strong></span> <span class='ocrx_word' id='word_1_267' title='bbox 1120 3794 1179 3838; x_wconf 74' lang='lat' dir='ltr'><strong>rett-</strong></span> <span class='ocrx_word' id='word_1_268' title='bbox 1197 3795 1266 3858; x_wconf 87' lang='lat' dir='ltr'><strong>patr.</strong></span> <span class='ocrx_word' id='word_1_269' title='bbox 1290 3787 1325 3845; x_wconf 88' lang='grc' dir='ltr'><strong>Τ.</strong></span> <span class='ocrx_word' id='word_1_270' title='bbox 1351 3787 1422 3842; x_wconf 79' lang='grc'><strong>11111.</strong></span> 
     </span>
     <span class='ocr_line' id='line_1_31' title="bbox 492 3860 1308 3942; baseline 0.01 -24"><span class='ocrx_word' id='word_1_271' title='bbox 492 3884 520 3937; x_wconf 89' lang='grc' dir='ltr'><strong>Ρ.</strong></span> <span class='ocrx_word' id='word_1_272' title='bbox 537 3860 754 3936; x_wconf 77' lang='lat' dir='ltr'><strong>615squ.‚&#39;quo</strong></span> <span class='ocrx_word' id='word_1_273' title='bbox 775 3884 823 3917; x_wconf 88' lang='lat' dir='ltr'><strong>nos</strong></span> <span class='ocrx_word' id='word_1_274' title='bbox 847 3866 891 3918; x_wconf 85' lang='lat' dir='ltr'><strong>usi</strong></span> <span class='ocrx_word' id='word_1_275' title='bbox 911 3880 1019 3936; x_wconf 79' lang='lat' dir='ltr'><strong>sumus,</strong></span> <span class='ocrx_word' id='word_1_276' title='bbox 1045 3888 1163 3942; x_wconf 79' lang='lat' dir='ltr'><strong>expressa</strong></span> <span class='ocrx_word' id='word_1_277' title='bbox 1184 3881 1254 3926; x_wconf 85' lang='lat' dir='ltr'><strong>sunt.</strong></span> <span class='ocrx_word' id='word_1_278' title='bbox 1306 3921 1308 3926; x_wconf 80' lang='grc'>,</span> 
     </span>
    </p>
   </div>
   <div class='ocr_carea' id='block_1_3' title="bbox 425 3943 1444 4310">
    <p class='ocr_par' dir='ltr' id='par_1_3' title="bbox 425 3943 1444 4310">
     <span class='ocr_line' id='line_1_32' title="bbox 425 3943 1444 4059; baseline 0.004 -26"><span class='ocrx_word' id='word_1_279' title='bbox 425 3981 451 4049; x_wconf 92' lang='grc'><strong>1)</strong></span> <span class='ocrx_word' id='word_1_280' title='bbox 468 3977 610 4032; x_wconf 83' lang='lat' dir='ltr'><strong>Facundus</strong></span> <span class='ocrx_word' id='word_1_281' title='bbox 625 3977 822 4032; x_wconf 84' lang='lat' dir='ltr'><strong>Hermianensis</strong></span> <span class='ocrx_word' id='word_1_282' title='bbox 838 3998 879 4051; x_wconf 88' lang='lat' dir='ltr'><strong>ep.</strong></span> <span class='ocrx_word' id='word_1_283' title='bbox 892 3999 959 4034; x_wconf 84' lang='lat' dir='ltr'><strong>saec.</strong></span> <span class='ocrx_word' id='word_1_284' title='bbox 974 3981 1022 4035; x_wconf 90' lang='lat' dir='ltr'><strong>VI.</strong></span> <span class='ocrx_word' id='word_1_285' title='bbox 1034 3981 1103 4040; x_wconf 87' lang='lat' dir='ltr'><strong>med.</strong></span> <span class='ocrx_word' id='word_1_286' title='bbox 1117 4003 1180 4040; x_wconf 84' lang='lat' dir='ltr'><strong>cum</strong></span> <span class='ocrx_word' id='word_1_287' title='bbox 1194 3985 1420 4059; x_wconf 85' lang='lat' dir='ltr'><strong>Constantinopoli</strong></span> <span class='ocrx_word' id='word_1_288' title='bbox 1442 3943 1444 4031; x_wconf 92' lang='grc'><strong>1</strong></span> 
     </span>
     <span class='ocr_line' id='line_1_33' title="bbox 492 4037 1443 4136; baseline 0.016 -25"><span class='ocrx_word' id='word_1_289' title='bbox 492 4059 595 4130; x_wconf 79' lang='lat' dir='ltr'><strong>degeret</strong></span> <span class='ocrx_word' id='word_1_290' title='bbox 614 4063 664 4118; x_wconf 86' lang='lat' dir='ltr'><strong>tria</strong></span> <span class='ocrx_word' id='word_1_291' title='bbox 683 4064 799 4136; x_wconf 86' lang='lat' dir='ltr'><strong>capitula</strong></span> <span class='ocrx_word' id='word_1_292' title='bbox 814 4059 956 4136; x_wconf 70' lang='lat' dir='ltr'><strong>antequam</strong></span> <span class='ocrx_word' id='word_1_293' title='bbox 969 4067 1207 4125; x_wconf 85' lang='lat' dir='ltr'><strong>condemnarentur</strong></span> <span class='ocrx_word' id='word_1_294' title='bbox 1219 4069 1281 4124; x_wconf 89' lang='grc' dir='ltr'><strong>Χ11,</strong></span> <span class='ocrx_word' id='word_1_295' title='bbox 1295 4069 1372 4124; x_wconf 84' lang='lat' dir='ltr'><strong>libris</strong></span> <span class='ocrx_word' id='word_1_296' title='bbox 1392 4071 1420 4126; x_wconf 84' lang='lat' dir='ltr'><strong>ad</strong></span> <span class='ocrx_word' id='word_1_297' title='bbox 1440 4037 1443 4126; x_wconf 91' lang='grc'><strong>1</strong></span> 
     </span>
     <span class='ocr_line' id='line_1_34' title="bbox 490 4141 1418 4218; baseline 0.014 -23"><span class='ocrx_word' id='word_1_298' title='bbox 490 4145 679 4214; x_wconf 87' lang='lat' dir='ltr'><strong>imperatorem</strong></span> <span class='ocrx_word' id='word_1_299' title='bbox 699 4147 804 4218; x_wconf 84' lang='lat' dir='ltr'><strong>scriptis</strong></span> <span class='ocrx_word' id='word_1_300' title='bbox 824 4149 947 4202; x_wconf 77' lang='lat' dir='ltr'><strong>defendit.</strong></span> <span class='ocrx_word' id='word_1_301' title='bbox 982 4153 1096 4207; x_wconf 80' lang='lat' dir='ltr'><strong>Secutus</strong></span> <span class='ocrx_word' id='word_1_302' title='bbox 1118 4141 1158 4208; x_wconf 74' lang='lat' dir='ltr'><strong>est</strong></span> <span class='ocrx_word' id='word_1_303' title='bbox 1177 4150 1324 4208; x_wconf 84' lang='lat' dir='ltr'><strong>doctrinam</strong></span> <span class='ocrx_word' id='word_1_304' title='bbox 1344 4159 1418 4212; x_wconf 85' lang='lat' dir='ltr'><strong>ecch·</strong></span> 
     </span>
     <span class='ocr_line' id='line_1_35' title="bbox 490 4226 1418 4310; baseline 0.015 -30"><span class='ocrx_word' id='word_1_305' title='bbox 490 4226 637 4298; x_wconf 73' lang='lat' dir='ltr'><strong>anatinam,</strong></span> <span class='ocrx_word' id='word_1_306' title='bbox 655 4230 742 4286; x_wconf 85' lang='lat' dir='ltr'><strong>noluit</strong></span> <span class='ocrx_word' id='word_1_307' title='bbox 763 4242 851 4289; x_wconf 86' lang='lat' dir='ltr'><strong>tamen</strong></span> <span class='ocrx_word' id='word_1_308' title='bbox 872 4233 941 4290; x_wconf 80' lang='lat' dir='ltr'><strong>viros</strong></span> <span class='ocrx_word' id='word_1_309' title='bbox 961 4233 1121 4310; x_wconf 79' lang='lat' dir='ltr'><strong>clarissimos</strong></span> <span class='ocrx_word' id='word_1_310' title='bbox 1141 4247 1166 4293; x_wconf 90' lang='lat' dir='ltr'><strong>et</strong></span> <span class='ocrx_word' id='word_1_311' title='bbox 1178 4236 1210 4294; x_wconf 89' lang='lat' dir='ltr'><strong>de</strong></span> <span class='ocrx_word' id='word_1_312' title='bbox 1222 4237 1332 4299; x_wconf 75' lang='lat' dir='ltr'><strong>ecclesia</strong></span> <span class='ocrx_word' id='word_1_313' title='bbox 1345 4243 1418 4298; x_wconf 89' lang='lat' dir='ltr'><strong>meri·</strong></span> 
     </span>
    </p>
   </div>
   <div class='ocr_carea' id='block_1_4' title="bbox 0 0 1474 5240">
    <p class='ocr_par' dir='ltr' id='par_1_4' title="bbox 0 0 1474 5240">
     <span class='ocr_line' id='line_1_36' title="bbox 0 0 1474 5240; baseline 0 1"><span class='ocrx_word' id='word_1_314' title='bbox 0 0 1474 5240; x_wconf 95' lang='lat' dir='ltr'><strong> </strong></span> 
     </span>
    </p>
   </div>
  </div>
 </body>
</html>
