2938 5240
82 679 170 722 vero
193 655 383 740 molestiam
414 655 486 724 eins
513 655 627 745 lingua
656 667 690 724 et
710 655 839 724 indoles
859 656 890 724 ei
910 657 1055 742 creavit,
1087 671 1126 726 nt
1225 703 1262 768 ¹.

82 759 175 844 quod
197 760 303 825 multa
325 761 477 848 peccavit
504 759 712 826 excusandus
732 760 845 856 potius
865 781 965 845 quam
987 760 1126 850 vitupe-

81 862 209 928 randos
229 861 281 951 sit,
323 863 436 928 Habet
458 874 571 929 tomen
591 885 666 950 suns
688 862 842 946 virtutes.
884 863 1126 957 Ceterpmsin-

82 963 180 1050 gulos
206 983 286 1028 suos
307 965 582 1060 cpmmenterios,
618 985 701 1050 quos
723 965 818 1031 libris
842 963 1050 1052 distinxit¹)‚
1084 966 1128 1034 od

82 1066 177 1130 viros
214 1067 374 1152 quosdam
410 1067 520 1148 misit,
547 1081 846 1154 -quorumtemen
877 1091 965 1148 unus
994 1081 1125 1137 tontum
1155 1091 1159 1100 ’
1220 1117 1224 1124 ·
1272 1127 1273 1134 ,

83 1168 195 1234 doove
214 1167 271 1258 qui
286 1167 415 1236 fuerint
431 1170 566 1236 scimu's.
635 1219 641 1227 -
672 1241 675 1246 ,

199 1373 243 1446 A.
299 1377 676 1451 Commentarius
702 1378 749 1448 in
775 1378 1005 1450 Pserimos.
1048 1462 1050 1468 ¹

187 1529 281 1599 Inter
314 1557 431 1602 omnes
465 1535 640 1601 Theodori
670 1535 774 1603 libros
800 1535 1063 1604 commentarius
1091 1535 1127 1604 in

84 1633 251 1724 Psalmos,
279 1659 378 1722 quem
401 1630 565 1704 Ebediesu
587 1649 670 1704 teste
689 1639 710 1703 l.
729 1662 757 1704 o.
779 1662 812 1729 p.
829 1644 881 1704 31.
903 1640 1052 1726 quinque
1073 1651 1128 1704 to·

82 1737 149 1802 mis
178 1739 220 1802 ad
251 1737 441 1824 Cerdonem
471 1740 609 1825 eiusque
637 1738 776 1804 fratrem
797 1741 948 1827 scripsit,
975 1754 1129 1829 tempore
1241 1809 1245 1818 ,

82 1839 233 1928 primum
255 1841 366 1905 locum
389 1841 453 1907 sibi
476 1840 634 1906 vindicat.
676 1839 852 1906 Nimirum
875 1864 953 1907 cum
967 1841 1131 1934 Theodoa
1148 1845 1177 1876 ·’

85 1964 143 2007 rus
165 1941 237 2030 ipse
260 1965 311 2031 ap.
334 1939 411 2010 Far.
434 1951 471 2028 3,
496 1951 525 2012 6.
552 1943 619 2030 (10,
645 1947 675 2008 1.
698 1941 742 2029 6.)
766 1943 870 2028 dieat,
897 1967 933 2010 se
954 1966 1130 2030 „eaquae

85 2044 210 2132 scripta
232 2057 340 2110 essent
361 2046 397 2111 in
411 2047 559 2113 Psalmos
581 2047 708 2112 etiem
730 2047 866 2134 prima
889 2059 1131 2114 ceterorum
1218 2109 1219 2114 ,

87 2146 269 2212 omnium
285 2141 507 2236 'scripsisse“,
537 2149 625 2235 quod
648 2149 737 2213 idem
751 2149 899 2234 Hesych.
920 2149 941 2215 l.
958 2173 984 2214 c.
1003 2173 1039 2238 p.
1058 2153 1129 2220 104.
1150 2173 1156 2182 ·

86 2261 241 2331 testatur,
280 2251 316 2314 in
352 2275 466 2318 errore
499 2254 629 2320 versari
666 2253 794 2328 Chron.
824 2245 998 2336 Edessen„
1039 2253 1131 2338 quod

87 2351 210 2418 XLVI.
256 2353 389 2419 Assem.
430 2345 450 2418 l.
490 2355 513 2420 l.
548 2357 575 2420 Ι.
610 2377 643 2442 p.
673 2355 746 2421 400.
784 2353 1007 2448 Theodorum
1041 2377 1130 2420 anno

87 2453 273 2521 DCCXIV.
303 2454 394 2540 (403.
416 2456 521 2544 tott)
548 2457 728 2546 scripturas
755 2479 782 2544 s.
804 2447 1016 2546 interpretari
1036 2455 1132 2522 inoe-

86 2557 174 2644 pisse
196 2559 326 2642 narrot,
345 2558 411 2626 iam
429 2582 471 2624 ex
487 2581 527 2623 eo
543 2557 757 2647 intelligitur,
781 2558 869 2644 quod
887 2558 1001 2644 plures
1014 2551 1133 2626 Theo·
1208 2619 1211 2628 .

89 2661 161 2727 dori
191 2661 293 2726 libros
324 2662 430 2727 multo
457 2673 536 2728 ante
563 2663 662 2729 illum
690 2655 1040 2748 annum'compositos
1062 2684 1135 2737 esse

89 2765 174 2829 nihil
203 2765 325 2830 certius
354 2773 436 2826 est.'
458 2763 523 2826 Sed
548 2763 698 2852 rumori,
739 2760 833 2824 cuiue
862 2761 1035 2826 Leontius
1055 2764 1078 2829 l.
1104 2788 1134 2836 o.

90 2891 123 2958 p.
147 2862 229 2932 686(
244 2863 400 2929 meminit
426 2865 566 2950 ‚,hunc‚
587 2861 760 2950 inquiens,
786 2861 880 2927 aiunt
901 2886 971 2928 non
989 2867 1133 2954 amplius
1162 2877 1166 2891 ⁴

91 2992 192 3056 quam
222 2967 337 3031 decem
367 2979 400 3033 et
429 2980 503 3032 octo
532 2991 638 3034 anuos
667 2981 781 3034 netum
812 2965 848 3030 in
869 2964 1051 3054 scripturas
1073 2967 1132 3034 de-

89 3072 284 3138 becohatum
305 3093 392 3135 esse:
425 3092 495 3135 non
517 3071 608 3138 enim
622 3071 688 3136 nisi
700 3067 972 3138 debacchationes
986 3070 1135 3156 scriptu·
1155 3097 1158 3103 ·

66 3196 206 3242 ‘rarum
226 3173 535 3257 interpretationes,
560 3169 640 3260 ques
664 3173 700 3238 in
716 3193 770 3254 epe
788 3170 995 3256 composuit,
1019 3171 1136 3259 appel-

82 3267 161 3346 lare
190 3273 358 3363 possum“
395 3274 497 3337 fidem
536 3273 672 3360 derogo.
723 3272 908 3358 Verissime
940 3268 1135 3336 Tillemont.

89 3387 111 3450 l.
135 3383 157 3446 l.
179 3403 213 3468 p.
235 3374 328 3465 4443
356 3373 474 3456 „Mais
494 3373 520 3440 il
540 3399 581 3441 en
604 3377 696 3442 ovoit
712 3377 789 3466 pre'e
809 3375 850 3440 de
866 3372 960 3459 vingt
983 3371 1043 3459 (sc.
1060 3374 1136 3460 ens)
1204 3413 1206 3422 ι

89 3495 192 3552 avant
215 3503 251 3546 sa
278 3476 423 3543 seconde
453 3476 591 3543 retroite
621 3477 670 3564 (v.
694 3479 754 3568 s.)=
794 3491 828 3544 et
855 3475 880 3542 il
909 3485 951 3541 n'
982 3497 1007 3563 y
1036 3501 1135 3565 apes

91 3580 311 3677 d’apparence
332 3579 414 3666 qu'il
430 3590 504 3644 eust
522 3604 643 3647 encore
657 3582 731 3650 rien
747 3581 865 3647 derit.“
907 3577 1136 3667 In'fragmen-
1159 3645 1163 3654 ,
1227 3667 1230 3680 .

89 3693 134 3760 tis
162 3700 273 3757 eutem
307 3683 542 3749 commentarii
575 3683 707 3750 iuvenis
745 3682 890 3750 eruditio
931 3691 967 3746 et
999 3681 1138 3747 audacie

90 3786 376 3880 deprehenditur,
398 3809 470 3852 non
491 3783 591 3876 pueri
612 3787 784 3875 imperitia
803 3799 837 3852 et
858 3783 1005 3864 lascivia.
1046 3784 1137 3848 For-

91 3971 297 3997 μ

143 4091 170 4164 1)
186 4088 240 4144 Sed
256 4096 494 4165 tonorumque:
510 4075 643 4148 Mem
659 4087 859 4147 commentariis
876 4085 985 4154 tribuit,
1002 4085 1069 4144 ertio
1082 4099 1138 4142 non
1157 4145 1162 4150 ,

198 4175 229 4234 io
245 4173 392 4237 Theodoro
412 4178 504 4238 sedin
520 4177 717 4251 interpretibus
733 4176 842 4249 syriacis
860 4172 1021 4248 quaerenda·
