2916 5230
1062 461 1141 536 aaa
1198 477 1203 488 .

372 699 375 718 .
456 645 494 722 Ε.
545 651 792 752 Litargia.
889 721 891 728 ,

199 790 379 860 Theodori
412 791 583 881 liturgiam
609 807 770 864 veterum·
788 795 879 862 solus
906 797 1029 864 Leont.
1058 795 1144 885 (1.6.

102 884 259 1032 ἷ687η
293 902 410 966 graeca
444 903 487 946 ex
521 882 591 948 cdd.
619 885 731 948 attulit
761 885 882 948 Euseb.
911 884 1144 952 Renaudotius

136 966 232 1053 iturg.
257 991 304 1035 or.
331 967 406 1032 coll.
427 969 470 1034 11.
489 991 519 1054 p.
540 969 612 1037 582.
636 977 732 1056 τολμᾷ
752 967 826 1061 (Θ.)
845 975 902 1046 ναὶ
923 969 1027 1055 ἕτερον
1049 969 1143 1042 κακὰν
1189 1019 1192 1028 ›

103 1059 166 1119 τῶν
193 1056 357 1139 εἰρημένων
384 1051 423 1120 od
443 1059 590 1142 δεύτερον.
629 1051 806 1144 'Asuccuris
827 1051 888 1142 γαῖρ
908 1059 1056 1141 σχεδιάζει
1075 1060 1151 1127 ὲνέ-·

104 1164 164 1226 ραν
198 1136 284 1226 παρὰ
319 1137 374 1220 cia
401 1138 561 1227 πατρόθεν
590 1155 657 1220 ταῖς
690 1145 863 1224 ἐκκλησίαις
887 1150 1146 1231 παραδεδομένην,

29 1301 30 1306 ¹
103 1231 180 1311 μήτε
203 1222 257 1308 rtis*
273 1235 333 1314 scir
347 1227 526 1297 discordiosa
542 1227 695 1306 αἶδεὰθεὶς
711 1230 756 1314 1),
787 1235 861 1316 μήτε
876 1225 934 1310 την,
946 1239 1001 1300 τοῦ
1011 1237 1144 1318 μεγάλαν

103 1321 269 1384 Βασιλείαν
284 1313 316 1398 ²)
350 1316 384 1382 ἒν
417 1322 462 1404 τῷ
496 1315 582 1404 adegi
615 1321 765 1402 πνεύματι
788 1331 1024 1404 ,σνγηραῳεΐσαν
1052 1313 1162 1406 λόγον’

102 1395 187 1474 mdc
214 1407 325 1488 κρίνων
361 1401 466 1480 α’ξίαν·
499 1405 533 1470 ἐν
562 1399 587 1493 ᾗ
609 1393 750 1491 ἀναφορᾷ
774 1410 986 1490 βλασφημιῶν,
1017 1405 1055 1472 od
1084 1402 1146 1492 yolo

101 1485 200 1570 εὐχῶν
220 1485 276 1570 τὴν
290 1491 411 1570 satiras
440 1489 699 1575 ducalique-eu),
720 1491 944 1580 poterioribus
962 1515 1044 1559 vero
1060 1501 1148 1572 tern-
1200 1533 1202 1544 »

103 1577 244 1724 goribua
281 1576 520 1661 Nest01·iani³)
558 1577 750 1664 saepissime
785 1590 1050 1645 commemorant
1085 1602 1149 1646 nec

130 1663 241 1744 ubito,
265 1664 347 1748 quin
363 1663 561 1730 Theodorus
581 1676 773 1751 temporum
787 1663 973 1730 rationibus
987 1665 1149 1732 adductus
1185 1692 1188 1700 ‘

103 1747 278 1836 liturgiam
308 1749 513 1831 condiderit,
544 1749 635 1836 quod
664 1751 784 1834 cuique
813 1753 970 1840 episcopo
990 1752 1084 1818 licuit
1105 1751 1148 1818 cf.

103 1835 225 1921 Bingh.
246 1836 269 1900 l.
292 1836 311 1901 l.
332 1837 357 1900 I.
387 1861 420 1926 p.
445 1842 516 1905 117.
540 1831 541 1840 ’
562 1837 713 1904 Omnino
741 1859 824 1904 vero
844 1839 915 1902 eius
939 1839 1093 1924 aequales
1111 1839 1149 1904 iu

104 1925 205 1988 rebus
233 1923 411 2007 liturgicis,
441 1947 526 2010 quac
553 1922 913 2009 emendationeegere
939 1924 1150 2006 viderentur,
1221 1981 1229 2002 ,.

104 2031 247 2096 operam
284 2005 460 2081 collocasse
486 2009 680 2098 accepimus.
723 2010 791 2076 Sed
814 2010 1002 2093 quaeritur,
1035 2019 1177 2078 utrum'

64 2125 68 2130 ·
103 2096 162 2162 illa
192 2095 365 2164 Theodori
383 2097 535 2182 liturgia,
574 2120 658 2183 quae
680 2097 770 2185 apud
791 2098 1008 2164 Nestorianos
1028 2099 1065 2162 in
1087 2119 1151 2162 usu
1269 2153 1270 2160 ,

109 2177 203 2267 est⁴)
238 2205 404 2269 quamque
437 2181 626 2251 Renaudot.
657 2183 679 2249 l.
715 2185 740 2248 l.
768 2183 815 2251 ΙΙ.
854 2205 886 2268 p.
924 2188 988 2246 616
1009 2219 1053 2232 -
1076 2187 1151 2251 621.

103 2269 211 2334 latine
232 2269 384 2336 exhibuit
401 2257 433 2352 ⁵)
454 2269 599 2353 genuina
626 2268 799 2350 integrare
819 2268 880 2346 ait,
914 2288 958 2330 au
979 2288 1061 2332 vero
1083 2262 1175 2334 mi-‘

105 2374 181 2418 nus.
235 2355 388 2416 Difficilis
423 2356 504 2414 haec
538 2351 686 2434 quaestio
720 2373 761 2414 eo
790 2347 960 2416 difficilior
985 2353 1151 2438 redditur,

106 2435 200 2525 quod
228 2434 459 2512 Renaudotiue
478 2434 712 2503 recentissimis
734 2435 825 2522 cdd,
856 2438 960 2504 altero
981 2441 1150 2528 mutilato,
1195 2436 1199 2446 ’

111 2591 320 2610 m

165 2695 192 2766 1)
208 2691 281 2746 llaec
304 2707 372 2762 quae
395 2689 429 2743 sit
443 2689 576 2745 nesciunt.
609 2687 671 2742 Mea
686 2687 813 2744 sententia
830 2708 859 2743 ea
877 2689 1059 2762 intelligenda,
1084 2710 1151 2766 quse

218 2773 277 2814 tum
302 2758 382 2830 vulgo
412 2757 441 2812 io
464 2778 516 2824 usu
539 2766 595 2810 erat
617 2757 748 2830 cuiusque
773 2760 902 2829 originem
926 2760 999 2812 illius
1023 2761 1152 2834 temporis

213 2827 358 2890 credulitas
381 2827 414 2880 ab
438 2827 565 2901 apostolis
583 2826 695 2898 repetiit.
732 2827 789 2881 Nec
807 2829 897 2881 minus
917 2829 1070 2914 probabile,
1093 2849 1154 2883 ean·

29 2915 31 2922 ’
123 2943 124 2948 ,
215 2899 276 2954 dem
308 2913 365 2950 eam
394 2896 494 2957 fuisse,
524 2896 601 2950 cuius
631 2901 735 2968 pannos
767 2917 796 2948 es
820 2898 943 2967 genuinis
967 2896 1153 2970 chrysostomi

29 2965 31 2974 ¹
216 2967 323 3038 scriptis
340 2967 452 3036 collegit,
466 2966 561 3037 Bingh.
581 2965 598 3018 l.
615 2963 633 3019 l.
654 2963 687 3018 V..
703 2985 730 3036 p.
745 2967 860 3039 193·,sq.

161 3038 190 3108 2)
213 3037 340 3109 Suplrest
363 3034 456 3088 Basilii
481 3034 588 3104 liturgia
609 3051 715 3114 graece,
742 3036 843 3153 sgriace
867 3045 892 3087 et
915 3053 946 3090 oo
967 3033 1030 3095 tice,
1055 3033 1099 3086 sed
1124 3033 1154 3089 in

216 3105 324 3159 diversis
337 3102 439 3174 linguis
457 3103 600 3156 admodum
618 3111 687 3152 inter
704 3119 731 3154 se
770 3103 883 3174 iscrepat
898 3121 920 3153 s.
959 3100 1052 3157 eoaud.
1067 3101 1153 3162 1.1.1.

216 3195 242 3248 p.
261 3180 286 3227 1.
302 3191 350 3242 sq·‚
367 3192 394 3244 p.
409 3173 452 3226 57.
468 3191 517 3244 sq„
534 3171 569 3224 11.
586 3189 613 3242 p.
630 3169 690 3224 548.
705 3187 765 3240 squ.
784 3168 849 3242 (Op.
866 3169 946 3224 Basil.
960 3169 1001 3229 ed.
1018 3171 1102 3226 Garis.
1116 3171 1153 3225 11.

215 3262 246 3314 η).
258 3241 318 3298 674.
333 3245 413 3310 squ.).
437 3239 505 3304 Sane
518 3239 675 3306 interpolata
687 3248 726 3290 est
735 3237 871 3310 variasque
880 3249 1033 3310 temporum
1043 3239 1154 3294 iniurias

202 3373 204 3382 ‚
217 3320 334 3381 experta,
349 3309 394 3360 sed
410 3327 459 3362 cur
472 3327 557 3379 neque
570 3307 644 3360 illam
656 3325 743 3376 neque
762 3306 826 3360 adeo
843 3305 1040 3362 uttamtiama
1053 3307 1155 3361 Basilio

212 3379 359 3452 prolectam
379 3397 434 3430 esse
455 3378 524 3430 dicas
546 3395 599 3430 non
621 3375 702 3428 video.
742 3375 814 3429 lllud
835 3377 915 3430 modo
934 3377 984 3430 rite
1006 3375 1154 3451 perpendas
1264 3433 1269 3444 ¹

220 3449 311 3508 velim,
337 3464 389 3518 qua
407 3435 507 3500 ratione
518 3455 603 3498 'novae
618 3443 738 3516 liturgiae
752 3443 886 3498 conlectae
904 3445 968 3500 sint.

164 3519 193 3588 8)
219 3518 364 3585 Sobensem
384 3535 458 3577 earn,
479 3514 592 3588 quaein
613 3513 688 3566 libris
708 3514 859 3568 missalibus
875 3533 924 3570 nec
944 3532 1008 3568 vero
1029 3511 1058 3567 in
1070 3511 1156 3566 'rhea

219 3585 284 3638 dori'
298 3584 424 3653 operibus
446 3595 513 3637 esset
530 3583 649 3636 omisisse
669 3582 757 3635 credo.
791 3582 870 3636 Alius
887 3582 1035 3652 arguissenti
1049 3591 1156 3634 eratto·

219 3672 281 3706 mus
301 3653 333 3704 de
352 3653 454 3706 arcanis
475 3648 683 3719 (sacramentis),
700 3649 733 3702 ad
747 3667 827 3720 quem
840 3653 944 3704 Assem.
957 3649 992 3704 al.
1004 3648 1108 3710 vlibrum
1121 3648 1155 3704 ad

108 3723 114 3732 ’
215 3719 387 3792 baptizandos
400 3729 424 3772 et
442 3719 577 3790 liturgiam
592 3716 753 3770 rettulerunt
770 3737 794 3772 v.
813 3738 834 3770 s.
996 3713 1007 3751 1

142 3807 145 3813 ’
167 3791 200 3865 4)
214 3791 358 3846 Assemano
376 3799 439 3842 teste
456 3785 475 3842 l.
494 3785 513 3842 l.
536 3787 586 3841 Ill.
603 3785 641 3838 ΙΙ.
662 3804 690 3906 Β.
702 3789 764 3842 278.
781 3795 862 3840 exstat
878 3785 907 3840 iu
919 3782 1049 3838 omnibus
1066 3783 1162 3840 missa-⁸

221 3861 292 3912 libus
307 3859 529 3911 Nestorianorum
542 3855 627 3909 libris.
687 3854 708 3908 is
724 3853 820 3928 legitur
834 3854 863 3910 in
876 3854 953 3911 codd.
966 3853 1155 3912 Amidensibus

222 3927 257 3984 ci.
276 3928 379 3981 Assem.
398 3926 415 3978 l.
436 3926 453 3982 Ι.
470 3926 491 3977 l.
510 3944 536 3994 p.
558 3927 617 3983 581.
630 3925 690 3982 583.
881 3929 884 3935 ’
1114 3935 1118 3951 ’

148 3997 154 4010 “
169 3999 202 4070 5)
218 3993 356 4054 Fabrici.
372 3993 438 4046 tx.
457 4013 484 4066 p.
503 3995 578 4049 Sola
602 3993 675 4054 „Fra
695 4002 780 4046 menta
794 4011 823 4046 es
836 3991 943 4065 liturgia
957 3991 1059 4066 syriace
1070 4001 1096 4046 et
1110 3989 1156 4044 lat.

222 4087 264 4137 ap.
289 4061 366 4116 Rich·
381 4061 448 4114 Sim.
467 4061 498 4114 ad
512 4062 621 4116 Gabriel
636 4011 839 4132 Philadelphum
852 4083 878 4136 p.
896 4061 954 4118 148.
967 4067 1056 4185 sgu.“.
1076 4059 1156 4112 Erro·

222 4154 281 4190 rem
301 4128 458 4184 Renaudotii
476 4130 495 4182 l.
515 4129 533 4186 l.
556 4131 592 4187 ll.
611 4151 638 4202 p·
659 4133 720 4190 625.
738 4131 850 4189 correxit
861 4134 964 4190 Assem.
994 4127 1155 4188 .1.111.11.

117 4259 122 4265 ,
223 4223 250 4275 p.
270 4205 330 4262 228.
347 4197 441 4256 additis
459 4197 544 4254 verbis
556 4199 674 4274 syriacis.
