2938 5240
241 2029 249 2059 Ι

334 621 519 690 theodores
537 601 697 708 'aperiam
736 618 892 688 adhibeas
918 641 1052 690 moneo.
1106 615 1266 692 Ceterum
1280 620 1375 688 'eon-

305 795 309 804 ,
333 727 461 792 iectura
485 721 575 790 haud
603 723 820 813 improbabili
841 724 953 808 alicae,
990 724 1178 792 Iohannem
1204 724 1287 792 Phil.
1314 723 1375 812 qui

334 827 509 896 Theodori
535 827 673 896 asseclas
701 829 832 916 saepius
859 827 984 918 carpit,
1018 825 1061 894 ad
1092 828 1256 899 cosmam
1271 826 1375 893 etiam

331 929 526 1020 respexisse.
594 999 598 1006 ,
824 921 827 930 “

436 1045 637 1130 Priusquam
650 1041 721 1112 iam
733 1043 968 1112 commentarii
978 1043 1069 1110 illius
1084 1042 1272 1130 fragmenta
1287 1063 1376 1130 quae
1425 1107 1429 1114 .

333 1159 514 1236 superarint
534 1169 727 1214 recenseam
746 1147 787 1214 de
804 1150 949 1235 catenis,
978 1147 1098 1235 quibua
1116 1145 1266 1214 maxime
1288 1168 1375 1214 con·

331 1251 502 1336 tinemut,
522 1269 630 1336 pauca
644 1247 900 1337 praemittenda)
939 1252 1093 1336 Quarum
1109 1249 1195 1316 mira
1208 1253 1257 1318 est
1273 1251 1376 1332 „Ca-

331 1355 431 1420 thena
453 1375 481 1418 s.
501 1351 681 1438 explicatio
702 1353 855 1418 locorum
876 1354 934 1438 qui
955 1353 993 1419 in
1011 1353 1235 1420 Pentateucho
1250 1353 1376 1421 subob-

330 1443 720 1536 scuriorasoocurrunt,
749 1477 794 1520 ex
814 1453 958 1538 antiquis
982 1455 1189 1521 Graecorum
1210 1456 1375 1542 theologis

331 1559 541 1648 deprompta.
584 1559 639 1624 Ex
665 1559 787 1643 quibus
808 1557 1018 1646 quorundam
1041 1562 1200 1628 hactenus
1221 1559 1306 1624 nihil
1323 1570 1376 1626 est

331 1661 369 1726 in
389 1662 500 1727 lucem
521 1660 689 1727 aeditumi
708 1661 827 1728 Franc.
840 1658 1038 1750 Zephyro
1057 1662 1252 1728 Florentino
1266 1661 1376 1728 inter-

324 1773 438 1852 prete.
480 1763 567 1829 Item
586 1763 727 1830 cathena
747 1766 1023 1854 explanationum
1043 1777 1123 1831 vett.
1143 1790 1168 1832 s.
1185 1777 1320 1852 patrum
1334 1762 1374 1830 in

314 1865 449 1930 -omnia
469 1877 540 1930 tam
563 1888 596 1930 v.
619 1888 718 1953 quam
743 1889 776 1932 n.
803 1878 875 1930 test.
896 1867 1041 1932 canticas
1069 1869 1110 1934 ah
1126 1857 1278 1954 Antonio
1295 1866 1375 1932 Ca-

330 1965 424 2033 rasa
446 1989 466 2033 e
488 1964 619 2032 Graeco
638 1971 676 2034 iu
694 1969 768 2035 Lat.
787 1989 976 2036 sermonem
998 1991 1158 2036 conversa
1170 1966 1214 2055 1).
1256 1970 1375 2036 Colon.

329 2067 477 2158 Agripp.
495 2071 589 2136 1572.
607 2071 659 2138 8.“
681 2071 858 2158 Zephyrus
874 2072 945 2160 ipse
956 2072 1143 2162 profitetur,
1166 2095 1202 2138 se
1216 2057 1375 2140 intrans·

328 2170 458 2236 latione·
482 2171 636 2235 consulto
668 2174 833 2238 nonnulla
850 2174 1061 2260 praeteriisse
1081 2187 1138 2240 aut
1158 2176 1236 2264 quia
1255 2198 1375 2261 super·

329 2295 478 2342 vacanea
498 2269 695 2338 viderentur
717 2285 776 2338 aut
797 2273 835 2338 in
850 2276 931 2342 alios
945 2299 1061 2342 sensus
1078 2276 1224 2342 distorta.
1259 2280 1376 2342 ‘Prae-

329 2388 422 2448 terea
448 2396 569 2462 magna
592 2376 630 2442 in
659 2373 827 2459 vertendo
849 2399 928 2442 usus
949 2388 997 2442 est
1017 2375 1167 2460 licentia,
1183 2377 1261 2444 'alia
1281 2379 1375 2464 male

328 2501 445 2562 versa,
482 2481 546 2544 alia
574 2489 645 2543 tam
673 2478 832 2558 obscure,
861 2491 901 2543 ut
933 2478 1081 2564 theologi
1100 2479 1211 2566 graeci
1232 2493 1374 2548 senten-

241 2635 250 2663 x
331 2582 415 2650 tiam
444 2602 542 2667 aegre
569 2601 676 2646 eruas.
721 2581 926 2647 Nominatur
947 2581 985 2645 in
1005 2583 1117 2647 indice
1139 2583 1375 2670 theologorum

326 2707 436 2773 graec.
469 2684 570 2752 etiam
592 2681 804 2750 Theodorus.
848 2681 946 2766 Quae
967 2684 1037 2749 sola
1057 2709 1091 2772 p.
1114 2685 1165 2750 35.
1185 2686 1248 2750 hac
1270 2701 1371 2751 nota-

328 2789 421 2852 tione
438 2789 614 2872 leguntur,
638 2810 758 2850 eorum
777 2785 842 2851 alia
858 2783 1003 2852 Diodori
1017 2799 1112 2871 sunt,
1134 2787 1197 2854 alia
1210 2787 1374 2853 Theodo-

21 2881 25 2891 ’
94 2941 96 2952 .
185 2959 188 2968 ,
250 2935 252 2938 -
326 2891 391 2956 reti
414 2885 456 2955 of.
477 2885 682 2958 Theodoret.
712 2907 764 2970 qu.
788 2893 840 2952 22.
859 2893 914 2952 23.
935 2889 973 2952 iu
993 2890 1116 2954 Genea.
1138 2890 1164 2953 Ι.
1186 2913 1220 2976 p.
1242 2895 1294 2957 38.
1317 2897 1370 2961 39.

328 2993 416 3058 Cum
447 2999 524 3078 post
561 2987 604 3067 in⁴
634 2998 752 3053 catena
785 2987 885 3074 plura
919 2988 1020 3053 modo
1059 2989 1228 3074 ‚,Theo.“
1266 2997 1370 3076 modo

223 3085 229 3092 ’
280 3089 282 3099 ⁴
311 3090 511 3178 ‘„Theod.“
530 3101 711 3172 notentur,
734 3108 879 3180 quorum
899 3090 1064 3177 quaedam
1086 3092 1260 3184 Theodori
1281 3113 1373 3181 cunt,

328 3211 446 3265 utrum
467 3195 635 3284 interpres
655 3189 849 3260 huiusmodi
869 3188 1047 3261 notatione
1067 3193 1230 3280 innuerit,
1252 3199 1372 3268 Theo.

328 3301 486 3366 doretum
516 3297 801 3382 Theodorum,
829 3296 1009 3365 incertum.
1065 3299 1228 3389 Pleraque
1256 3290 1371 3368 tamen

244 3417 248 3434 ⁴
284 3465 289 3487 ,
327 3395 538 3468 Τῇοοόοῐεῑί
564 3409 663 3483 sunt,
693 3398 875 3466 theodorae
902 3414 977 3488 post
998 3401 1149 3468 afferam.
1193 3405 1372 3472 Praeterea

327 3517 406 3570 sunt
434 3505 471 3568 in
497 3501 568 3582 his,
597 3517 744 3586 quorum
771 3505 914 3588 scriptor
942 3503 979 3568 in
1009 3515 1101 3568 tanta
1129 3513 1263 3568 catenae
1285 3529 1371 3574 con-

151 3632 157 3648 '
268 3679 269 3684 ,
327 3605 460 3676 fusione
495 3615 528 3670 et
555 3602 758 3690 negligentia
785 3602 932 3668 incertus
960 3617 1028 3688 est,
1062 3627 1140 3668 cum
1171 3610 1370 3690 praesertim

327 3801 530 3816 Μ

252 3965 254 3980 Ι
363 3899 480 3970 1)Haec
501 3898 530 3952 in
554 3898 655 3953 cantica
673 3905 764 3963 eatena
779 3893 926 3952 accuratior
943 3905 969 3949 et
985 3893 1088 3950 auctior
1105 3914 1146 3968 gr.
1164 3906 1190 3950 et
1206 3896 1250 3952 lat.
1269 3896 1368 3968 legitur

432 3983 461 4034 in
481 3981 592 4035 Corder.
620 3993 667 4036 cat.
689 3983 717 4036 in
735 3983 779 4042 Ps.
798 3979 848 4036 111.
871 3999 898 4052 p.
918 3982 978 4038 858.
998 3999 1059 4054 squ.
1099 3981 1161 4037 Alia
1181 3979 1367 4041 tantummodo

431 4075 507 4130 sunt,
537 4085 605 4136 quae
631 4067 664 4120 ad
692 4068 776 4121 lonae
792 4057 883 4138 preces
905 4064 1050 4137 leguntur..
1076 4065 1151 4124 Nihil
1171 4067 1199 4158 iu
1219 4085 1248 4120 es
1265 4067 1367 4140 iuveni,

353 4227 356 4240 ι
391 4155 395 4161 '
433 4150 506 4225 quod
518 4150 785 4227 Theodoro'Mopsr.
804 4150 981 4224 probabiliter
1001 4151 1143 4211 tribueres·
