<?xml version="1.0" encoding="UTF-8"?>
<!DOCTYPE html PUBLIC "-//W3C//DTD XHTML 1.0 Transitional//EN"
    "http://www.w3.org/TR/xhtml1/DTD/xhtml1-transitional.dtd">
<html xmlns="http://www.w3.org/1999/xhtml" xml:lang="en" lang="en">
 <head>
  <title>
</title>
<meta http-equiv="Content-Type" content="text/html;charset=utf-8" />
  <meta name='ocr-system' content='tesseract 3.04.00' />
  <meta name='ocr-capabilities' content='ocr_page ocr_carea ocr_par ocr_line ocrx_word'/>
</head>
<body>
  <div class='ocr_page' id='page_1' title='image "./detheodorimopsv00fritgoog_0121.png"; bbox 0 0 2916 5230; ppageno 0'>
   <div class='ocr_carea' id='block_1_1' title="bbox 1028 455 1207 546">
    <p class='ocr_par' dir='ltr' id='par_1_1' title="bbox 1028 417 1350 546">
     <span class='ocr_line' id='line_1_1' title="bbox 1028 455 1207 546; baseline -0.006 -17"><span class='ocrx_word' id='word_1_1' title='bbox 1028 455 1207 546; x_wconf 58' lang='lat' dir='ltr'>nos·x</span> 
     </span>
    </p>
   </div>
   <div class='ocr_carea' id='block_1_2' title="bbox 20 637 1315 1244">
    <p class='ocr_par' dir='ltr' id='par_1_2' title="bbox 98 637 1315 1041">
     <span class='ocr_line' id='line_1_2' title="bbox 99 637 1315 729; baseline -0.001 -22"><span class='ocrx_word' id='word_1_2' title='bbox 99 646 165 707; x_wconf 72' lang='grc' dir='ltr'>θαν</span> <span class='ocrx_word' id='word_1_3' title='bbox 181 640 222 725; x_wconf 84' lang='lat'>¹),</span> <span class='ocrx_word' id='word_1_4' title='bbox 251 639 350 710; x_wconf 65' lang='grc' dir='ltr'><em>ἕτώιεν</em></span> <span class='ocrx_word' id='word_1_5' title='bbox 376 642 491 710; x_wconf 71' lang='grc' dir='ltr'><strong><em>ἐκεῖνον</em></strong></span> <span class='ocrx_word' id='word_1_6' title='bbox 522 649 574 710; x_wconf 79' lang='grc' dir='ltr'>καὶ</span> <span class='ocrx_word' id='word_1_7' title='bbox 602 637 657 710; x_wconf 81' lang='lat' dir='ltr'>cdv</span> <span class='ocrx_word' id='word_1_8' title='bbox 682 648 816 710; x_wconf 73' lang='lat' dir='ltr'>caturcis</span> <span class='ocrx_word' id='word_1_9' title='bbox 830 639 877 725; x_wconf 75' lang='grc'>2)·</span> <span class='ocrx_word' id='word_1_10' title='bbox 910 648 1057 729; x_wconf 78' lang='grc' dir='ltr'><strong><em>καὶπερὶ</em></strong></span> <span class='ocrx_word' id='word_1_11' title='bbox 1083 652 1138 726; x_wconf 69' lang='grc' dir='ltr'>τῆς</span> <span class='ocrx_word' id='word_1_12' title='bbox 1245 701 1249 706; x_wconf 94' lang='grc'><strong>.</strong></span> <span class='ocrx_word' id='word_1_13' title='bbox 1310 689 1315 697; x_wconf 82' lang='lat'>·</span> 
     </span>
     <span class='ocr_line' id='line_1_3' title="bbox 100 733 1139 839; baseline 0.005 -32"><span class='ocrx_word' id='word_1_14' title='bbox 100 742 200 810; x_wconf 74' lang='lat' dir='ltr'>edroiu</span> <span class='ocrx_word' id='word_1_15' title='bbox 220 733 411 832; x_wconf 56' lang='grc' dir='ltr'><em>ἀἱμομιξίας</em></span> <span class='ocrx_word' id='word_1_16' title='bbox 427 745 455 830; x_wconf 81' lang='lat'>³)</span> <span class='ocrx_word' id='word_1_17' title='bbox 483 752 536 811; x_wconf 81' lang='grc' dir='ltr'>καὶ</span> <span class='ocrx_word' id='word_1_18' title='bbox 563 743 666 839; x_wconf 74' lang='grc' dir='ltr'><em>ᾇπλῶς</em></span> <span class='ocrx_word' id='word_1_19' title='bbox 692 741 727 811; x_wconf 77' lang='grc' dir='ltr'>τὸ</span> <span class='ocrx_word' id='word_1_20' title='bbox 758 749 901 828; x_wconf 74' lang='grc' dir='ltr'><strong><em>δυσσεβὲς</em></strong></span> <span class='ocrx_word' id='word_1_21' title='bbox 928 753 980 812; x_wconf 80' lang='grc' dir='ltr'>καὶ</span> <span class='ocrx_word' id='word_1_22' title='bbox 1007 745 1139 833; x_wconf 62' lang='grc' dir='ltr'>ὖπέραιὲ·</span> 
     </span>
     <span class='ocr_line' id='line_1_4' title="bbox 99 837 1252 938; baseline 0.003 -26"><span class='ocrx_word' id='word_1_23' title='bbox 99 870 196 929; x_wconf 83' lang='grc' dir='ltr'><strong><em>σχρον</em></strong></span> <span class='ocrx_word' id='word_1_24' title='bbox 218 849 317 932; x_wconf 75' lang='grc' dir='ltr'><strong><em>δόγμα</em></strong></span> <span class='ocrx_word' id='word_1_25' title='bbox 333 844 412 915; x_wconf 71' lang='grc' dir='ltr'><em>κατὰ</em></span> <span class='ocrx_word' id='word_1_26' title='bbox 432 853 514 925; x_wconf 71' lang='grc' dir='ltr'><strong><em>λέξιν</em></strong></span> <span class='ocrx_word' id='word_1_27' title='bbox 529 846 562 932; x_wconf 78' lang='lat'>⁴)</span> <span class='ocrx_word' id='word_1_28' title='bbox 584 849 707 928; x_wconf 74' lang='grc' dir='ltr'><strong><em>ἐκθεὶς,</em></strong></span> <span class='ocrx_word' id='word_1_29' title='bbox 729 846 923 937; x_wconf 47' lang='lat' dir='ltr'>&amp;enoecadioe</span> <span class='ocrx_word' id='word_1_30' title='bbox 943 850 977 916; x_wconf 74' lang='grc' dir='ltr'>ἐν</span> <span class='ocrx_word' id='word_1_31' title='bbox 990 837 1036 938; x_wconf 71' lang='lat' dir='ltr'>uqi</span> <span class='ocrx_word' id='word_1_32' title='bbox 1052 852 1139 938; x_wconf 79' lang='grc' dir='ltr'>πρῶ-</span> <span class='ocrx_word' id='word_1_33' title='bbox 1244 905 1252 916; x_wconf 78' lang='grc'><strong>.</strong></span> 
     </span>
     <span class='ocr_line' id='line_1_5' title="bbox 98 941 1138 1041; baseline 0.004 -25"><span class='ocrx_word' id='word_1_34' title='bbox 98 974 142 1036; x_wconf 85' lang='grc' dir='ltr'>τῳ</span> <span class='ocrx_word' id='word_1_35' title='bbox 168 952 259 1038; x_wconf 76' lang='grc' dir='ltr'><strong>λόγῳ.</strong></span> <span class='ocrx_word' id='word_1_36' title='bbox 300 951 409 1024; x_wconf 82' lang='lat' dir='ltr'><strong>Addit</strong></span> <span class='ocrx_word' id='word_1_37' title='bbox 436 951 593 1040; x_wconf 81' lang='lat' dir='ltr'>Phqtius,</span> <span class='ocrx_word' id='word_1_38' title='bbox 623 975 699 1016; x_wconf 86' lang='lat' dir='ltr'>eum</span> <span class='ocrx_word' id='word_1_39' title='bbox 720 949 756 1014; x_wconf 92' lang='lat' dir='ltr'>in</span> <span class='ocrx_word' id='word_1_40' title='bbox 776 951 911 1034; x_wconf 82' lang='lat' dir='ltr'>reliquis</span> <span class='ocrx_word' id='word_1_41' title='bbox 931 951 1025 1016; x_wconf 84' lang='lat' dir='ltr'>libris</span> <span class='ocrx_word' id='word_1_42' title='bbox 1046 941 1138 1041; x_wconf 81' lang='lat' dir='ltr'>piam</span> 
     </span>
    </p>

    <p class='ocr_par' dir='ltr' id='par_1_3' title="bbox 20 1043 1172 1244">
     <span class='ocr_line' id='line_1_6' title="bbox 20 1043 1172 1141; baseline 0.006 -26"><span class='ocrx_word' id='word_1_43' title='bbox 20 1107 28 1116; x_wconf 94' lang='lat'>.</span> <span class='ocrx_word' id='word_1_44' title='bbox 99 1051 286 1117; x_wconf 77' lang='lat' dir='ltr'>doctrinam</span> <span class='ocrx_word' id='word_1_45' title='bbox 313 1055 417 1130; x_wconf 73' lang='lat' dir='ltr'>initio,</span> <span class='ocrx_word' id='word_1_46' title='bbox 438 1080 458 1120; x_wconf 86' lang='lat' dir='ltr'>a</span> <span class='ocrx_word' id='word_1_47' title='bbox 479 1053 598 1138; x_wconf 87' lang='lat' dir='ltr'>mundi</span> <span class='ocrx_word' id='word_1_48' title='bbox 620 1053 790 1118; x_wconf 76' lang='lat' dir='ltr'>creatione</span> <span class='ocrx_word' id='word_1_49' title='bbox 811 1065 908 1141; x_wconf 88' lang='lat' dir='ltr'>capto</span> <span class='ocrx_word' id='word_1_50' title='bbox 930 1053 1052 1118; x_wconf 86' lang='lat' dir='ltr'>cursim</span> <span class='ocrx_word' id='word_1_51' title='bbox 1076 1079 1139 1122; x_wconf 83' lang='lat' dir='ltr'>ex·</span> <span class='ocrx_word' id='word_1_52' title='bbox 1171 1043 1172 1054; x_wconf 11' lang='grc' dir='ltr'>ἵ</span> 
     </span>
     <span class='ocr_line' id='line_1_7' title="bbox 96 1154 1137 1244; baseline 0.003 -25"><span class='ocrx_word' id='word_1_53' title='bbox 96 1154 258 1244; x_wconf 76' lang='lat' dir='ltr'>posuisee‘.</span> <span class='ocrx_word' id='word_1_54' title='bbox 302 1156 345 1222; x_wconf 90' lang='lat' dir='ltr'>In</span> <span class='ocrx_word' id='word_1_55' title='bbox 370 1157 422 1223; x_wconf 84' lang='lat' dir='ltr'>hia</span> <span class='ocrx_word' id='word_1_56' title='bbox 446 1179 527 1223; x_wconf 90' lang='lat' dir='ltr'>vero</span> <span class='ocrx_word' id='word_1_57' title='bbox 548 1179 624 1222; x_wconf 87' lang='lat' dir='ltr'>mea</span> <span class='ocrx_word' id='word_1_58' title='bbox 644 1155 811 1222; x_wconf 85' lang='lat' dir='ltr'>sententia</span> <span class='ocrx_word' id='word_1_59' title='bbox 831 1158 882 1222; x_wconf 88' lang='lat' dir='ltr'>ita</span> <span class='ocrx_word' id='word_1_60' title='bbox 907 1167 1054 1224; x_wconf 82' lang='lat' dir='ltr'>versatus</span> <span class='ocrx_word' id='word_1_61' title='bbox 1076 1171 1137 1242; x_wconf 81' lang='lat' dir='ltr'>est,</span> 
     </span>
    </p>
   </div>
   <div class='ocr_carea' id='block_1_3' title="bbox 99 1317 357 1392">
    <p class='ocr_par' dir='ltr' id='par_1_4' title="bbox 99 1317 357 1392">
     <span class='ocr_line' id='line_1_8' title="bbox 99 1317 357 1392; baseline -0.008 -18"><span class='ocrx_word' id='word_1_62' title='bbox 99 1337 305 1392; x_wconf 64' lang='lat' dir='ltr'>-i--·-7</span> <span class='ocrx_word' id='word_1_63' title='bbox 352 1317 357 1330; x_wconf 79' lang='grc'><em>“</em></span> 
     </span>
    </p>
   </div>
   <div class='ocr_carea' id='block_1_4' title="bbox 95 1439 1303 2976">
    <p class='ocr_par' dir='ltr' id='par_1_5' title="bbox 95 1439 1303 2545">
     <span class='ocr_line' id='line_1_9' title="bbox 200 1439 1139 1532; baseline 0.004 -20"><span class='ocrx_word' id='word_1_64' title='bbox 200 1458 229 1514; x_wconf 85' lang='lat' dir='ltr'>in</span> <span class='ocrx_word' id='word_1_65' title='bbox 250 1458 339 1514; x_wconf 90' lang='lat' dir='ltr'>lucem</span> <span class='ocrx_word' id='word_1_66' title='bbox 362 1457 471 1513; x_wconf 82' lang='lat' dir='ltr'>ederet·</span> <span class='ocrx_word' id='word_1_67' title='bbox 490 1458 565 1514; x_wconf 87' lang='lat' dir='ltr'>Nihil</span> <span class='ocrx_word' id='word_1_68' title='bbox 590 1460 613 1511; x_wconf 86' lang='lat' dir='ltr'>ei</span> <span class='ocrx_word' id='word_1_69' title='bbox 638 1439 880 1532; x_wconf 56' lang='lat' dir='ltr'>praetereaad&#39;illa</span> <span class='ocrx_word' id='word_1_70' title='bbox 897 1457 1032 1532; x_wconf 68' lang='lat' dir='ltr'>principia</span> <span class='ocrx_word' id='word_1_71' title='bbox 1052 1469 1079 1514; x_wconf 83' lang='lat' dir='ltr'>et</span> <span class='ocrx_word' id='word_1_72' title='bbox 1095 1481 1139 1516; x_wconf 91' lang='lat' dir='ltr'>res</span> 
     </span>
     <span class='ocr_line' id='line_1_10' title="bbox 202 1534 1139 1616; baseline 0.001 -18"><span class='ocrx_word' id='word_1_73' title='bbox 202 1553 310 1598; x_wconf 87' lang='lat' dir='ltr'>creatas.</span> <span class='ocrx_word' id='word_1_74' title='bbox 351 1543 444 1616; x_wconf 86' lang='lat' dir='ltr'>ltaque</span> <span class='ocrx_word' id='word_1_75' title='bbox 475 1544 534 1598; x_wconf 91' lang='lat' dir='ltr'>inre</span> <span class='ocrx_word' id='word_1_76' title='bbox 562 1543 631 1596; x_wconf 91' lang='lat' dir='ltr'>illud</span> <span class='ocrx_word' id='word_1_77' title='bbox 654 1543 737 1612; x_wconf 72' lang='grc' dir='ltr'><strong><em>τύχην</em></strong></span> <span class='ocrx_word' id='word_1_78' title='bbox 768 1534 872 1596; x_wconf 78' lang='lat' dir='ltr'>caecam</span> <span class='ocrx_word' id='word_1_79' title='bbox 897 1545 1033 1597; x_wconf 85' lang='lat' dir='ltr'>fortunam</span> <span class='ocrx_word' id='word_1_80' title='bbox 1057 1545 1139 1609; x_wconf 86' lang='lat' dir='ltr'>dicas,</span> 
     </span>
     <span class='ocr_line' id='line_1_11' title="bbox 202 1625 1149 1703; baseline 0.002 -21"><span class='ocrx_word' id='word_1_81' title='bbox 202 1628 286 1700; x_wconf 88' lang='lat' dir='ltr'>idque</span> <span class='ocrx_word' id='word_1_82' title='bbox 317 1629 399 1697; x_wconf 84' lang='lat' dir='ltr'>magis</span> <span class='ocrx_word' id='word_1_83' title='bbox 427 1628 516 1682; x_wconf 71' lang='lat' dir='ltr'>exinde</span> <span class='ocrx_word' id='word_1_84' title='bbox 541 1639 624 1700; x_wconf 87' lang='lat' dir='ltr'>patet,</span> <span class='ocrx_word' id='word_1_85' title='bbox 655 1627 728 1700; x_wconf 83' lang='lat' dir='ltr'>qnod</span> <span class='ocrx_word' id='word_1_86' title='bbox 759 1628 872 1679; x_wconf 80' lang='lat' dir='ltr'>inritum</span> <span class='ocrx_word' id='word_1_87' title='bbox 898 1627 1024 1682; x_wconf 81' lang='lat' dir='ltr'>Satanam</span> <span class='ocrx_word' id='word_1_88' title='bbox 1041 1625 1149 1703; x_wconf 74' lang='lat' dir='ltr'>&#39;protu·&#39;</span> 
     </span>
     <span class='ocr_line' id='line_1_12' title="bbox 201 1709 1138 1780; baseline 0.002 -16"><span class='ocrx_word' id='word_1_89' title='bbox 201 1709 241 1764; x_wconf 88' lang='lat' dir='ltr'>lit.</span> <span class='ocrx_word' id='word_1_90' title='bbox 260 1713 305 1780; x_wconf 74' lang='lat' dir='ltr'>(V.</span> <span class='ocrx_word' id='word_1_91' title='bbox 321 1709 457 1771; x_wconf 78' lang='grc' dir='ltr'>σπένδων,</span> <span class='ocrx_word' id='word_1_92' title='bbox 475 1709 523 1767; x_wconf 76' lang='grc' dir='ltr'>’ἶνα</span> <span class='ocrx_word' id='word_1_93' title='bbox 540 1743 589 1769; x_wconf 89' lang='grc'>-.</span> <span class='ocrx_word' id='word_1_94' title='bbox 607 1712 669 1765; x_wconf 86' lang='lat' dir='ltr'>satis</span> <span class='ocrx_word' id='word_1_95' title='bbox 687 1710 810 1780; x_wconf 79' lang='lat' dir='ltr'>ambigua</span> <span class='ocrx_word' id='word_1_96' title='bbox 827 1722 904 1776; x_wconf 91' lang='lat' dir='ltr'>sunt,</span> <span class='ocrx_word' id='word_1_97' title='bbox 921 1713 965 1764; x_wconf 86' lang='lat' dir='ltr'>sed</span> <span class='ocrx_word' id='word_1_98' title='bbox 978 1713 1036 1765; x_wconf 91' lang='lat' dir='ltr'>ideo</span> <span class='ocrx_word' id='word_1_99' title='bbox 1050 1713 1138 1780; x_wconf 86' lang='lat' dir='ltr'>eredo,</span> 
     </span>
     <span class='ocr_line' id='line_1_13' title="bbox 203 1795 1303 1868; baseline 0.004 -20"><span class='ocrx_word' id='word_1_100' title='bbox 203 1797 276 1868; x_wconf 91' lang='lat' dir='ltr'>quod</span> <span class='ocrx_word' id='word_1_101' title='bbox 300 1815 342 1848; x_wconf 84' lang='lat' dir='ltr'>res</span> <span class='ocrx_word' id='word_1_102' title='bbox 368 1797 425 1866; x_wconf 88' lang='lat' dir='ltr'>ipsa</span> <span class='ocrx_word' id='word_1_103' title='bbox 450 1816 505 1850; x_wconf 92' lang='lat' dir='ltr'>non</span> <span class='ocrx_word' id='word_1_104' title='bbox 538 1809 609 1852; x_wconf 89' lang='lat' dir='ltr'>certa</span> <span class='ocrx_word' id='word_1_105' title='bbox 632 1796 790 1851; x_wconf 72' lang='lat' dir='ltr'>ac&#39;definita</span> <span class='ocrx_word' id='word_1_106' title='bbox 816 1795 924 1848; x_wconf 88' lang='lat' dir='ltr'>notione</span> <span class='ocrx_word' id='word_1_107' title='bbox 949 1796 1139 1868; x_wconf 74' lang='lat' dir='ltr'>absolveretur.</span> <span class='ocrx_word' id='word_1_108' title='bbox 1225 1841 1230 1851; x_wconf 86' lang='grc'><em>,</em></span> <span class='ocrx_word' id='word_1_109' title='bbox 1300 1799 1303 1810; x_wconf 77' lang='lat'><em>&#39;</em></span> 
     </span>
     <span class='ocr_line' id='line_1_14' title="bbox 95 1879 1140 1954; baseline 0.002 -20"><span class='ocrx_word' id='word_1_110' title='bbox 95 1887 99 1894; x_wconf 84' lang='lat'><em>&#39;</em></span> <span class='ocrx_word' id='word_1_111' title='bbox 200 1879 338 1934; x_wconf 85' lang='lat' dir='ltr'>Praeterea</span> <span class='ocrx_word' id='word_1_112' title='bbox 368 1881 516 1943; x_wconf 81' lang='lat' dir='ltr'>nescimus,</span> <span class='ocrx_word' id='word_1_113' title='bbox 548 1901 601 1954; x_wconf 91' lang='lat' dir='ltr'>qua</span> <span class='ocrx_word' id='word_1_114' title='bbox 633 1881 747 1950; x_wconf 83' lang='lat' dir='ltr'>imagine</span> <span class='ocrx_word' id='word_1_115' title='bbox 773 1880 1006 1948; x_wconf 81' lang='lat' dir='ltr'>illumzeruanis</span> <span class='ocrx_word' id='word_1_116' title='bbox 1031 1893 1140 1954; x_wconf 90' lang='lat' dir='ltr'>partum</span> 
     </span>
     <span class='ocr_line' id='line_1_15' title="bbox 201 1963 1237 2039; baseline 0.002 -21"><span class='ocrx_word' id='word_1_117' title='bbox 201 1965 399 2039; x_wconf 72' lang='lat' dir='ltr'>descripserim.</span> <span class='ocrx_word' id='word_1_118' title='bbox 441 1966 528 2038; x_wconf 76' lang='lat' dir='ltr'>Vulgo</span> <span class='ocrx_word' id='word_1_119' title='bbox 550 1963 642 2022; x_wconf 79' lang='grc' dir='ltr'>σπένὸ.</span> <span class='ocrx_word' id='word_1_120' title='bbox 667 1976 746 2019; x_wconf 73' lang='lat' dir='ltr'>reru:</span> <span class='ocrx_word' id='word_1_121' title='bbox 775 1967 928 2020; x_wconf 75' lang='lat' dir='ltr'>libationem</span> <span class='ocrx_word' id='word_1_122' title='bbox 953 1967 1068 2033; x_wconf 83' lang='lat' dir='ltr'>faciens,</span> <span class='ocrx_word' id='word_1_123' title='bbox 1092 1985 1140 2038; x_wconf 81' lang='lat' dir='ltr'>ego</span> <span class='ocrx_word' id='word_1_124' title='bbox 1234 2026 1237 2035; x_wconf 27' lang='grc' dir='ltr'><em>Ι</em></span> 
     </span>
     <span class='ocr_line' id='line_1_16' title="bbox 167 2047 1142 2116; baseline 0.006 -16"><span class='ocrx_word' id='word_1_125' title='bbox 167 2047 170 2052; x_wconf 73' lang='grc'><strong>’</strong></span> <span class='ocrx_word' id='word_1_126' title='bbox 202 2067 266 2103; x_wconf 80' lang='lat' dir='ltr'>vero</span> <span class='ocrx_word' id='word_1_127' title='bbox 284 2052 392 2104; x_wconf 90' lang='lat' dir='ltr'>nonnisi</span> <span class='ocrx_word' id='word_1_128' title='bbox 410 2051 539 2105; x_wconf 80' lang='lat' dir='ltr'>tundendi</span> <span class='ocrx_word' id='word_1_129' title='bbox 556 2053 692 2106; x_wconf 81' lang='lat' dir='ltr'>notionem</span> <span class='ocrx_word' id='word_1_130' title='bbox 711 2052 792 2103; x_wconf 72' lang='lat' dir='ltr'>verbo</span> <span class='ocrx_word' id='word_1_131' title='bbox 810 2051 966 2116; x_wconf 87' lang='lat' dir='ltr'>indiderim,</span> <span class='ocrx_word' id='word_1_132' title='bbox 992 2061 1022 2104; x_wconf 90' lang='lat' dir='ltr'>ut</span> <span class='ocrx_word' id='word_1_133' title='bbox 1039 2071 1142 2108; x_wconf 87' lang='lat' dir='ltr'>emana.</span> 
     </span>
     <span class='ocr_line' id='line_1_17' title="bbox 201 2134 1140 2207; baseline 0.002 -19"><span class='ocrx_word' id='word_1_134' title='bbox 201 2134 281 2188; x_wconf 84' lang='lat' dir='ltr'>tionis</span> <span class='ocrx_word' id='word_1_135' title='bbox 303 2136 371 2188; x_wconf 88' lang='lat' dir='ltr'>ratio</span> <span class='ocrx_word' id='word_1_136' title='bbox 396 2137 563 2204; x_wconf 74' lang='lat' dir='ltr'>obtinuerit.)</span> <span class='ocrx_word' id='word_1_137' title='bbox 604 2135 640 2188; x_wconf 76' lang='lat' dir='ltr'>At</span> <span class='ocrx_word' id='word_1_138' title='bbox 663 2154 725 2188; x_wconf 77' lang='lat' dir='ltr'>vero</span> <span class='ocrx_word' id='word_1_139' title='bbox 748 2136 817 2205; x_wconf 79' lang='lat' dir='ltr'>magi</span> <span class='ocrx_word' id='word_1_140' title='bbox 843 2135 878 2189; x_wconf 87' lang='lat' dir='ltr'>ita</span> <span class='ocrx_word' id='word_1_141' title='bbox 902 2137 991 2207; x_wconf 92' lang='lat' dir='ltr'>potius</span> <span class='ocrx_word' id='word_1_142' title='bbox 1016 2137 1140 2190; x_wconf 80' lang='lat' dir='ltr'>videntur</span> 
     </span>
     <span class='ocr_line' id='line_1_18' title="bbox 202 2221 1143 2292; baseline 0 -18"><span class='ocrx_word' id='word_1_143' title='bbox 202 2221 378 2292; x_wconf 78' lang='lat' dir='ltr'>argumentati</span> <span class='ocrx_word' id='word_1_144' title='bbox 396 2241 466 2274; x_wconf 82' lang='lat' dir='ltr'>esse:</span> <span class='ocrx_word' id='word_1_145' title='bbox 485 2232 514 2276; x_wconf 89' lang='lat' dir='ltr'>ut</span> <span class='ocrx_word' id='word_1_146' title='bbox 530 2221 624 2273; x_wconf 88' lang='lat' dir='ltr'>habeas</span> <span class='ocrx_word' id='word_1_147' title='bbox 644 2221 673 2274; x_wconf 88' lang='lat' dir='ltr'>in</span> <span class='ocrx_word' id='word_1_148' title='bbox 691 2239 746 2290; x_wconf 93' lang='lat' dir='ltr'>quo</span> <span class='ocrx_word' id='word_1_149' title='bbox 764 2221 1143 2291; x_wconf 83' lang='lat' dir='ltr'>acquiescae,summop1·in·</span> 
     </span>
     <span class='ocr_line' id='line_1_19' title="bbox 202 2297 1140 2379; baseline 0.003 -22"><span class='ocrx_word' id='word_1_150' title='bbox 202 2303 274 2376; x_wconf 88' lang='lat' dir='ltr'>cipio</span> <span class='ocrx_word' id='word_1_151' title='bbox 295 2316 364 2378; x_wconf 84' lang='lat' dir='ltr'>opus</span> <span class='ocrx_word' id='word_1_152' title='bbox 384 2317 435 2368; x_wconf 80' lang='lat' dir='ltr'>ert,</span> <span class='ocrx_word' id='word_1_153' title='bbox 460 2305 533 2379; x_wconf 90' lang='lat' dir='ltr'>quod</span> <span class='ocrx_word' id='word_1_154' title='bbox 556 2297 604 2377; x_wconf 85' lang='lat' dir='ltr'>per</span> <span class='ocrx_word' id='word_1_155' title='bbox 624 2322 653 2356; x_wconf 84' lang='lat' dir='ltr'>se</span> <span class='ocrx_word' id='word_1_156' title='bbox 672 2304 803 2356; x_wconf 88' lang='lat' dir='ltr'>eiusmodi</span> <span class='ocrx_word' id='word_1_157' title='bbox 819 2316 872 2364; x_wconf 84' lang='lat' dir='ltr'>est,</span> <span class='ocrx_word' id='word_1_158' title='bbox 900 2313 930 2356; x_wconf 93' lang='lat' dir='ltr'>ut</span> <span class='ocrx_word' id='word_1_159' title='bbox 943 2301 968 2352; x_wconf 90' lang='lat' dir='ltr'>id</span> <span class='ocrx_word' id='word_1_160' title='bbox 983 2315 1070 2358; x_wconf 89' lang='lat' dir='ltr'>mente</span> <span class='ocrx_word' id='word_1_161' title='bbox 1083 2325 1140 2360; x_wconf 89' lang='lat' dir='ltr'>non</span> 
     </span>
     <span class='ocr_line' id='line_1_20' title="bbox 196 2383 1140 2462; baseline -0.006 -22"><span class='ocrx_word' id='word_1_162' title='bbox 196 2388 392 2460; x_wconf 86' lang='lat' dir='ltr'>complectar&#39;s.</span> <span class='ocrx_word' id='word_1_163' title='bbox 426 2389 546 2442; x_wconf 79' lang='lat' dir='ltr'>Protulit</span> <span class='ocrx_word' id='word_1_164' title='bbox 568 2385 686 2455; x_wconf 76' lang='lat' dir='ltr'>utquae&#39;</span> <span class='ocrx_word' id='word_1_165' title='bbox 701 2385 820 2436; x_wconf 86' lang='lat' dir='ltr'>videmus</span> <span class='ocrx_word' id='word_1_166' title='bbox 837 2383 976 2438; x_wconf 79' lang='lat' dir='ltr'>existerent</span> <span class='ocrx_word' id='word_1_167' title='bbox 991 2386 1046 2439; x_wconf 92' lang='lat' dir='ltr'>duo</span> <span class='ocrx_word' id='word_1_168' title='bbox 1063 2392 1140 2462; x_wconf 79' lang='lat' dir='ltr'>prin.</span> 
     </span>
     <span class='ocr_line' id='line_1_21' title="bbox 203 2467 1140 2545; baseline -0.002 -21"><span class='ocrx_word' id='word_1_169' title='bbox 203 2472 272 2542; x_wconf 83' lang='lat' dir='ltr'>cipia</span> <span class='ocrx_word' id='word_1_170' title='bbox 296 2472 436 2532; x_wconf 84' lang='lat' dir='ltr'>inferiora,</span> <span class='ocrx_word' id='word_1_171' title='bbox 460 2482 574 2540; x_wconf 87' lang='lat' dir='ltr'>utraque</span> <span class='ocrx_word' id='word_1_172' title='bbox 594 2469 683 2539; x_wconf 90' lang='lat' dir='ltr'>primo</span> <span class='ocrx_word' id='word_1_173' title='bbox 707 2467 793 2534; x_wconf 84' lang='lat' dir='ltr'>bona,</span> <span class='ocrx_word' id='word_1_174' title='bbox 817 2468 862 2520; x_wconf 89' lang='lat' dir='ltr'>sed</span> <span class='ocrx_word' id='word_1_175' title='bbox 886 2468 1000 2523; x_wconf 89' lang='lat' dir='ltr'>alterum</span> <span class='ocrx_word' id='word_1_176' title='bbox 1024 2475 1140 2545; x_wconf 86' lang='lat' dir='ltr'>praecla.</span> 
     </span>
    </p>

    <p class='ocr_par' dir='ltr' id='par_1_6' title="bbox 129 2551 1185 2798">
     <span class='ocr_line' id='line_1_22' title="bbox 129 2551 1140 2632; baseline 0.001 -24"><span class='ocrx_word' id='word_1_177' title='bbox 129 2552 131 2558; x_wconf 71' lang='grc'><strong>’</strong></span> <span class='ocrx_word' id='word_1_178' title='bbox 202 2551 262 2608; x_wconf 79' lang='lat' dir='ltr'>rani</span> <span class='ocrx_word' id='word_1_179' title='bbox 286 2555 404 2608; x_wconf 86' lang='lat' dir='ltr'>indolem</span> <span class='ocrx_word' id='word_1_180' title='bbox 427 2557 456 2609; x_wconf 92' lang='lat' dir='ltr'>in</span> <span class='ocrx_word' id='word_1_181' title='bbox 482 2555 637 2630; x_wconf 77' lang='lat' dir='ltr'>pravitatem</span> <span class='ocrx_word' id='word_1_182' title='bbox 661 2552 801 2607; x_wconf 80' lang='lat' dir='ltr'>convertit.</span> <span class='ocrx_word' id='word_1_183' title='bbox 846 2552 885 2607; x_wconf 85' lang='lat' dir='ltr'>lta</span> <span class='ocrx_word' id='word_1_184' title='bbox 902 2557 1042 2622; x_wconf 88' lang='lat' dir='ltr'>omnium,</span> <span class='ocrx_word' id='word_1_185' title='bbox 1071 2580 1140 2632; x_wconf 69' lang='lat' dir='ltr'>quae</span> 
     </span>
     <span class='ocr_line' id='line_1_23' title="bbox 188 2638 1141 2718; baseline 0.004 -26"><span class='ocrx_word' id='word_1_186' title='bbox 188 2650 267 2718; x_wconf 36' lang='lat' dir='ltr'>‘sunt</span> <span class='ocrx_word' id='word_1_187' title='bbox 290 2660 368 2694; x_wconf 91' lang='lat' dir='ltr'>causa</span> <span class='ocrx_word' id='word_1_188' title='bbox 394 2652 419 2694; x_wconf 91' lang='lat' dir='ltr'>et</span> <span class='ocrx_word' id='word_1_189' title='bbox 447 2641 514 2694; x_wconf 88' lang='lat' dir='ltr'>ratio</span> <span class='ocrx_word' id='word_1_190' title='bbox 538 2650 584 2692; x_wconf 85' lang='lat' dir='ltr'>est.</span> <span class='ocrx_word' id='word_1_191' title='bbox 620 2641 714 2710; x_wconf 89' lang='lat' dir='ltr'>Neque</span> <span class='ocrx_word' id='word_1_192' title='bbox 737 2655 799 2690; x_wconf 84' lang='lat' dir='ltr'>vero</span> <span class='ocrx_word' id='word_1_193' title='bbox 823 2655 926 2690; x_wconf 88' lang='lat' dir='ltr'>caecam</span> <span class='ocrx_word' id='word_1_194' title='bbox 948 2638 1084 2696; x_wconf 78' lang='lat' dir='ltr'>fortunam</span> <span class='ocrx_word' id='word_1_195' title='bbox 1102 2647 1141 2700; x_wconf 71' lang='lat' dir='ltr'>‘in</span> 
     </span>
     <span class='ocr_line' id='line_1_24' title="bbox 202 2719 1185 2798; baseline 0.006 -20"><span class='ocrx_word' id='word_1_196' title='bbox 202 2727 326 2779; x_wconf 87' lang='lat' dir='ltr'>omnium</span> <span class='ocrx_word' id='word_1_197' title='bbox 344 2726 447 2798; x_wconf 80' lang='lat' dir='ltr'>fastigio</span> <span class='ocrx_word' id='word_1_198' title='bbox 464 2725 642 2789; x_wconf 85' lang='lat' dir='ltr'>collocamus,</span> <span class='ocrx_word' id='word_1_199' title='bbox 661 2722 707 2775; x_wconf 85' lang='lat' dir='ltr'>sed</span> <span class='ocrx_word' id='word_1_200' title='bbox 723 2740 752 2774; x_wconf 90' lang='lat' dir='ltr'>ea</span> <span class='ocrx_word' id='word_1_201' title='bbox 769 2731 808 2775; x_wconf 87' lang='lat' dir='ltr'>est</span> <span class='ocrx_word' id='word_1_202' title='bbox 823 2721 930 2776; x_wconf 79' lang='lat' dir='ltr'>extremi</span> <span class='ocrx_word' id='word_1_203' title='bbox 942 2721 1017 2778; x_wconf 82' lang='lat' dir='ltr'>illius</span> <span class='ocrx_word' id='word_1_204' title='bbox 1030 2724 1141 2784; x_wconf 84' lang='lat' dir='ltr'>altitudo</span> <span class='ocrx_word' id='word_1_205' title='bbox 1182 2719 1185 2724; x_wconf 42' lang='lat'>¹</span> 
     </span>
    </p>

    <p class='ocr_par' dir='ltr' id='par_1_7' title="bbox 171 2795 1141 2976">
     <span class='ocr_line' id='line_1_25' title="bbox 171 2795 1141 2887; baseline 0.002 -23"><span class='ocrx_word' id='word_1_206' title='bbox 171 2857 175 2864; x_wconf 92' lang='grc'><em>,</em></span> <span class='ocrx_word' id='word_1_207' title='bbox 203 2820 234 2862; x_wconf 89' lang='lat' dir='ltr'>ut</span> <span class='ocrx_word' id='word_1_208' title='bbox 257 2829 307 2864; x_wconf 87' lang='lat' dir='ltr'>nec</span> <span class='ocrx_word' id='word_1_209' title='bbox 332 2812 410 2884; x_wconf 90' lang='lat' dir='ltr'>quale</span> <span class='ocrx_word' id='word_1_210' title='bbox 433 2811 466 2863; x_wconf 88' lang='lat' dir='ltr'>sit</span> <span class='ocrx_word' id='word_1_211' title='bbox 485 2795 577 2880; x_wconf 46' lang='lat' dir='ltr'>&#39;neque</span> <span class='ocrx_word' id='word_1_212' title='bbox 600 2811 657 2861; x_wconf 88' lang='lat' dir='ltr'>eius</span> <span class='ocrx_word' id='word_1_213' title='bbox 680 2807 794 2880; x_wconf 81' lang='lat' dir='ltr'>rationes</span> <span class='ocrx_word' id='word_1_214' title='bbox 817 2805 849 2859; x_wconf 87' lang='lat' dir='ltr'>ad</span> <span class='ocrx_word' id='word_1_215' title='bbox 866 2806 920 2887; x_wconf 73' lang='lat' dir='ltr'>dqo</span> <span class='ocrx_word' id='word_1_216' title='bbox 937 2806 983 2862; x_wconf 86' lang='lat' dir='ltr'>illa</span> <span class='ocrx_word' id='word_1_217' title='bbox 999 2811 1141 2886; x_wconf 74' lang='lat' dir='ltr'>principia,</span> 
     </span>
     <span class='ocr_line' id='line_1_26' title="bbox 202 2892 1106 2976; baseline 0.004 -27"><span class='ocrx_word' id='word_1_218' title='bbox 202 2893 235 2949; x_wconf 84' lang='lat' dir='ltr'>ad</span> <span class='ocrx_word' id='word_1_219' title='bbox 252 2914 294 2948; x_wconf 90' lang='lat' dir='ltr'>res</span> <span class='ocrx_word' id='word_1_220' title='bbox 311 2907 409 2950; x_wconf 84' lang='lat' dir='ltr'>creatas</span> <span class='ocrx_word' id='word_1_221' title='bbox 427 2895 588 2976; x_wconf 36' lang='lat' dir='ltr'>nullae&#39;esse</span> <span class='ocrx_word' id='word_1_222' title='bbox 604 2904 735 2968; x_wconf 85' lang='lat' dir='ltr'>possunt,</span> <span class='ocrx_word' id='word_1_223' title='bbox 750 2902 905 2964; x_wconf 87' lang='lat' dir='ltr'>assequatur</span> <span class='ocrx_word' id='word_1_224' title='bbox 923 2892 979 2958; x_wconf 75' lang='lat' dir='ltr'>nisi</span> <span class='ocrx_word' id='word_1_225' title='bbox 991 2895 1106 2969; x_wconf 69' lang='lat' dir='ltr'>ineptus.</span> 
     </span>
    </p>
   </div>
   <div class='ocr_carea' id='block_1_5' title="bbox 151 2985 1139 3166">
    <p class='ocr_par' dir='ltr' id='par_1_8' title="bbox 151 2985 1139 3166">
     <span class='ocr_line' id='line_1_27' title="bbox 151 2985 1139 3166; baseline 0.018 -102"><span class='ocrx_word' id='word_1_226' title='bbox 151 2994 177 3064; x_wconf 79' lang='grc' dir='ltr'>Ῑ)</span> <span class='ocrx_word' id='word_1_227' title='bbox 202 2985 337 3166; x_wconf 49' lang='lat' dir='ltr'>{lfffll</span> <span class='ocrx_word' id='word_1_228' title='bbox 363 2990 507 3114; x_wconf 55' lang='lat' dir='ltr'>offfiuzd,</span> <span class='ocrx_word' id='word_1_229' title='bbox 523 3007 635 3117; x_wconf 47' lang='lat' dir='ltr'>jefsss</span> <span class='ocrx_word' id='word_1_230' title='bbox 656 3023 781 3122; x_wconf 59' lang='lat' dir='ltr'>pruina,</span> <span class='ocrx_word' id='word_1_231' title='bbox 809 3004 959 3122; x_wconf 50' lang='lat' dir='ltr'>fflj‘Osss</span> <span class='ocrx_word' id='word_1_232' title='bbox 985 2997 1139 3084; x_wconf 62' lang='lat' dir='ltr'>Humilem.</span> 
     </span>
    </p>
   </div>
   <div class='ocr_carea' id='block_1_6' title="bbox 151 3108 1221 3534">
    <p class='ocr_par' dir='ltr' id='par_1_9' title="bbox 203 3108 1221 3438">
     <span class='ocr_line' id='line_1_28' title="bbox 248 3108 1221 3194; baseline -0.003 -28"><span class='ocrx_word' id='word_1_233' title='bbox 248 3116 362 3168; x_wconf 89' lang='lat' dir='ltr'>eodorus</span> <span class='ocrx_word' id='word_1_234' title='bbox 387 3125 505 3174; x_wconf 84' lang='lat' dir='ltr'>tantum,</span> <span class='ocrx_word' id='word_1_235' title='bbox 528 3111 602 3183; x_wconf 89' lang='lat' dir='ltr'>quod</span> <span class='ocrx_word' id='word_1_236' title='bbox 626 3128 708 3162; x_wconf 82' lang='lat' dir='ltr'>sciam</span> <span class='ocrx_word' id='word_1_237' title='bbox 731 3108 885 3180; x_wconf 72' lang='grc' dir='ltr'>Ὅρμίσθας</span> <span class='ocrx_word' id='word_1_238' title='bbox 908 3108 986 3170; x_wconf 81' lang='lat' dir='ltr'>dixit,</span> <span class='ocrx_word' id='word_1_239' title='bbox 1011 3109 1056 3162; x_wconf 87' lang='lat' dir='ltr'>sed</span> <span class='ocrx_word' id='word_1_240' title='bbox 1074 3111 1141 3164; x_wconf 85' lang='lat' dir='ltr'>llor-</span> <span class='ocrx_word' id='word_1_241' title='bbox 1202 3164 1221 3194; x_wconf 42' lang='grc' dir='ltr'>Ι,</span> 
     </span>
     <span class='ocr_line' id='line_1_29' title="bbox 204 3191 1141 3263; baseline -0.002 -13"><span class='ocrx_word' id='word_1_242' title='bbox 204 3198 304 3251; x_wconf 88' lang='lat' dir='ltr'>misdas</span> <span class='ocrx_word' id='word_1_243' title='bbox 332 3217 429 3252; x_wconf 88' lang='lat' dir='ltr'>nomen</span> <span class='ocrx_word' id='word_1_244' title='bbox 454 3199 487 3249; x_wconf 89' lang='lat' dir='ltr'>de</span> <span class='ocrx_word' id='word_1_245' title='bbox 502 3195 657 3248; x_wconf 88' lang='lat' dir='ltr'>hominibus</span> <span class='ocrx_word' id='word_1_246' title='bbox 673 3191 778 3263; x_wconf 82' lang='lat' dir='ltr'>saepius</span> <span class='ocrx_word' id='word_1_247' title='bbox 796 3191 896 3244; x_wconf 88' lang='lat' dir='ltr'>dictum</span> <span class='ocrx_word' id='word_1_248' title='bbox 914 3209 943 3242; x_wconf 81' lang='lat' dir='ltr'>ex</span> <span class='ocrx_word' id='word_1_249' title='bbox 959 3191 1052 3244; x_wconf 86' lang='lat' dir='ltr'>eodem</span> <span class='ocrx_word' id='word_1_250' title='bbox 1067 3194 1141 3248; x_wconf 88' lang='lat' dir='ltr'>lonte</span> 
     </span>
     <span class='ocr_line' id='line_1_30' title="bbox 203 3272 1140 3362; baseline -0.007 -28"><span class='ocrx_word' id='word_1_251' title='bbox 203 3282 286 3362; x_wconf 77' lang='lat' dir='ltr'>fluxit.</span> <span class='ocrx_word' id='word_1_252' title='bbox 321 3281 472 3355; x_wconf 78' lang='grc' dir='ltr'><em>Ὠρομάζης</em></span> <span class='ocrx_word' id='word_1_253' title='bbox 484 3279 554 3332; x_wconf 90' lang='lat' dir='ltr'>Plut.</span> <span class='ocrx_word' id='word_1_254' title='bbox 569 3279 600 3331; x_wconf 86' lang='lat' dir='ltr'>de</span> <span class='ocrx_word' id='word_1_255' title='bbox 615 3278 649 3330; x_wconf 93' lang='lat' dir='ltr'>Is.</span> <span class='ocrx_word' id='word_1_256' title='bbox 663 3287 688 3329; x_wconf 90' lang='lat' dir='ltr'>et</span> <span class='ocrx_word' id='word_1_257' title='bbox 700 3277 748 3328; x_wconf 87' lang='lat' dir='ltr'>Os.</span> <span class='ocrx_word' id='word_1_258' title='bbox 764 3275 873 3344; x_wconf 73' lang='lat' dir='ltr'>(Moral,</span> <span class='ocrx_word' id='word_1_259' title='bbox 889 3272 929 3328; x_wconf 88' lang='lat' dir='ltr'>cd.</span> <span class='ocrx_word' id='word_1_260' title='bbox 944 3275 1140 3348; x_wconf 74' lang='lat' dir='ltr'>Wyttenb,11.</span> 
     </span>
     <span class='ocr_line' id='line_1_31' title="bbox 203 3362 864 3438; baseline -0.015 -16"><span class='ocrx_word' id='word_1_261' title='bbox 203 3368 336 3438; x_wconf 46' lang='lat' dir='ltr'>pasta),</span> <span class='ocrx_word' id='word_1_262' title='bbox 358 3363 534 3437; x_wconf 62' lang='lat' dir='ltr'>&#39;llpopdndpc</span> <span class='ocrx_word' id='word_1_263' title='bbox 551 3365 629 3434; x_wconf 81' lang='lat' dir='ltr'>Diog.</span> <span class='ocrx_word' id='word_1_264' title='bbox 645 3362 730 3415; x_wconf 88' lang='lat' dir='ltr'>Laert.</span> <span class='ocrx_word' id='word_1_265' title='bbox 744 3377 864 3434; x_wconf 88' lang='lat' dir='ltr'>prooem.</span> 
     </span>
    </p>

    <p class='ocr_par' dir='ltr' id='par_1_10' title="bbox 151 3451 927 3534">
     <span class='ocr_line' id='line_1_32' title="bbox 151 3451 927 3534; baseline -0.004 -16"><span class='ocrx_word' id='word_1_266' title='bbox 151 3465 180 3533; x_wconf 80' lang='lat'>2)</span> <span class='ocrx_word' id='word_1_267' title='bbox 197 3465 327 3520; x_wconf 78' lang='lat' dir='ltr'>Alrriman</span> <span class='ocrx_word' id='word_1_268' title='bbox 346 3485 370 3520; x_wconf 77' lang='lat' dir='ltr'>v.</span> <span class='ocrx_word' id='word_1_269' title='bbox 385 3462 503 3520; x_wconf 86' lang='lat' dir='ltr'>Kleuler</span> <span class='ocrx_word' id='word_1_270' title='bbox 518 3463 535 3516; x_wconf 88' lang='lat' dir='ltr'>l.</span> <span class='ocrx_word' id='word_1_271' title='bbox 548 3463 566 3514; x_wconf 94' lang='lat' dir='ltr'>l.</span> <span class='ocrx_word' id='word_1_272' title='bbox 583 3464 605 3516; x_wconf 89' lang='lat'>1.</span> <span class='ocrx_word' id='word_1_273' title='bbox 622 3482 650 3534; x_wconf 89' lang='lat' dir='ltr'>p.</span> <span class='ocrx_word' id='word_1_274' title='bbox 665 3463 691 3517; x_wconf 84' lang='lat'>5.</span> <span class='ocrx_word' id='word_1_275' title='bbox 924 3451 927 3458; x_wconf 30' lang='lat'>¹</span> 
     </span>
    </p>
   </div>
   <div class='ocr_carea' id='block_1_7' title="bbox 130 3553 1152 3956">
    <p class='ocr_par' dir='ltr' id='par_1_11' title="bbox 130 3553 1152 3808">
     <span class='ocr_line' id='line_1_33' title="bbox 148 3553 1141 3639; baseline -0.003 -20"><span class='ocrx_word' id='word_1_276' title='bbox 148 3565 177 3634; x_wconf 72' lang='grc' dir='ltr'>ὃ)</span> <span class='ocrx_word' id='word_1_277' title='bbox 200 3563 361 3619; x_wconf 84' lang='lat' dir='ltr'>Huiusmodi</span> <span class='ocrx_word' id='word_1_278' title='bbox 392 3563 537 3636; x_wconf 85' lang='lat' dir='ltr'>opprobria</span> <span class='ocrx_word' id='word_1_279' title='bbox 563 3571 624 3635; x_wconf 88' lang='lat' dir='ltr'>post</span> <span class='ocrx_word' id='word_1_280' title='bbox 655 3561 684 3614; x_wconf 92' lang='lat' dir='ltr'>in</span> <span class='ocrx_word' id='word_1_281' title='bbox 711 3575 851 3629; x_wconf 81' lang='lat' dir='ltr'>magorum</span> <span class='ocrx_word' id='word_1_282' title='bbox 877 3553 1048 3639; x_wconf 83' lang='lat' dir='ltr'>disciplinam</span> <span class='ocrx_word' id='word_1_283' title='bbox 1074 3561 1141 3616; x_wconf 84' lang='lat' dir='ltr'>oeci&#39;·</span> 
     </span>
     <span class='ocr_line' id='line_1_34' title="bbox 130 3643 1139 3722; baseline -0.003 -21"><span class='ocrx_word' id='word_1_284' title='bbox 130 3673 132 3680; x_wconf 61' lang='lat'><strong><em>¹</em></strong></span> <span class='ocrx_word' id='word_1_285' title='bbox 206 3650 274 3722; x_wconf 79' lang='lat' dir='ltr'>disse</span> <span class='ocrx_word' id='word_1_286' title='bbox 297 3652 329 3704; x_wconf 88' lang='lat' dir='ltr'>in</span> <span class='ocrx_word' id='word_1_287' title='bbox 352 3669 447 3721; x_wconf 80' lang='lat' dir='ltr'>magno</span> <span class='ocrx_word' id='word_1_288' title='bbox 467 3658 574 3720; x_wconf 87' lang='lat' dir='ltr'>patrum</span> <span class='ocrx_word' id='word_1_289' title='bbox 594 3651 725 3700; x_wconf 76' lang='lat' dir='ltr'>consensu</span> <span class='ocrx_word' id='word_1_290' title='bbox 743 3643 779 3698; x_wconf 84' lang='lat' dir='ltr'>cf.</span> <span class='ocrx_word' id='word_1_291' title='bbox 797 3643 886 3696; x_wconf 83' lang='lat' dir='ltr'>Potter</span> <span class='ocrx_word' id='word_1_292' title='bbox 904 3644 937 3696; x_wconf 89' lang='lat' dir='ltr'>ad</span> <span class='ocrx_word' id='word_1_293' title='bbox 958 3645 1043 3700; x_wconf 85' lang='lat' dir='ltr'>Clem.</span> <span class='ocrx_word' id='word_1_294' title='bbox 1064 3646 1139 3708; x_wconf 78' lang='lat' dir='ltr'>Alex.</span> 
     </span>
     <span class='ocr_line' id='line_1_35' title="bbox 131 3725 1152 3808; baseline -0.003 -22"><span class='ocrx_word' id='word_1_295' title='bbox 131 3777 133 3786; x_wconf 93' lang='lat'><em>.</em></span> <span class='ocrx_word' id='word_1_296' title='bbox 206 3732 305 3790; x_wconf 83' lang='lat' dir='ltr'>Strom.</span> <span class='ocrx_word' id='word_1_297' title='bbox 324 3735 375 3790; x_wconf 86' lang='lat' dir='ltr'>lll.</span> <span class='ocrx_word' id='word_1_298' title='bbox 395 3740 421 3791; x_wconf 76' lang='grc'>2.</span> <span class='ocrx_word' id='word_1_299' title='bbox 440 3753 467 3806; x_wconf 88' lang='lat' dir='ltr'>p.</span> <span class='ocrx_word' id='word_1_300' title='bbox 488 3733 547 3788; x_wconf 73' lang='lat'>515.</span> <span class='ocrx_word' id='word_1_301' title='bbox 566 3730 635 3785; x_wconf 89' lang='lat' dir='ltr'>male</span> <span class='ocrx_word' id='word_1_302' title='bbox 649 3747 725 3799; x_wconf 80' lang='lat' dir='ltr'>neges</span> <span class='ocrx_word' id='word_1_303' title='bbox 747 3745 810 3781; x_wconf 86' lang='lat' dir='ltr'>oum</span> <span class='ocrx_word' id='word_1_304' title='bbox 830 3725 918 3798; x_wconf 78' lang='lat' dir='ltr'>Hydio</span> <span class='ocrx_word' id='word_1_305' title='bbox 937 3725 956 3778; x_wconf 87' lang='lat' dir='ltr'>l.</span> <span class='ocrx_word' id='word_1_306' title='bbox 978 3746 1001 3780; x_wconf 82' lang='lat' dir='ltr'>c·</span> <span class='ocrx_word' id='word_1_307' title='bbox 1020 3749 1046 3798; x_wconf 85' lang='lat' dir='ltr'>p·</span> <span class='ocrx_word' id='word_1_308' title='bbox 1062 3732 1152 3808; x_wconf 55' lang='lat'>297,</span> 
     </span>
    </p>

    <p class='ocr_par' dir='ltr' id='par_1_12' title="bbox 204 3811 1140 3956">
     <span class='ocr_line' id='line_1_36' title="bbox 204 3811 1140 3890; baseline -0.005 -19"><span class='ocrx_word' id='word_1_309' title='bbox 204 3834 230 3870; x_wconf 76' lang='lat' dir='ltr'>v.</span> <span class='ocrx_word' id='word_1_310' title='bbox 252 3819 330 3872; x_wconf 87' lang='lat' dir='ltr'>etiam</span> <span class='ocrx_word' id='word_1_311' title='bbox 350 3837 416 3890; x_wconf 87' lang='lat' dir='ltr'>quae</span> <span class='ocrx_word' id='word_1_312' title='bbox 438 3817 569 3872; x_wconf 81' lang='lat' dir='ltr'>Gerenius</span> <span class='ocrx_word' id='word_1_313' title='bbox 590 3814 622 3868; x_wconf 90' lang='lat' dir='ltr'>de</span> <span class='ocrx_word' id='word_1_314' title='bbox 647 3812 727 3866; x_wconf 85' lang='lat' dir='ltr'>inser.</span> <span class='ocrx_word' id='word_1_315' title='bbox 748 3811 872 3885; x_wconf 86' lang='lat' dir='ltr'>phoenic.</span> <span class='ocrx_word' id='word_1_316' title='bbox 893 3827 932 3881; x_wconf 76' lang='lat' dir='ltr'>gr.</span> <span class='ocrx_word' id='word_1_317' title='bbox 956 3827 985 3882; x_wconf 84' lang='lat' dir='ltr'>p.</span> <span class='ocrx_word' id='word_1_318' title='bbox 1000 3811 1042 3866; x_wconf 84' lang='lat'>17.</span> <span class='ocrx_word' id='word_1_319' title='bbox 1059 3811 1140 3879; x_wconf 82' lang='lat' dir='ltr'>adno-</span> 
     </span>
     <span class='ocr_line' id='line_1_37' title="bbox 207 3902 280 3956; baseline 0.014 -1"><span class='ocrx_word' id='word_1_320' title='bbox 207 3902 280 3956; x_wconf 78' lang='lat' dir='ltr'>tavit.</span> 
     </span>
    </p>
   </div>
   <div class='ocr_carea' id='block_1_8' title="bbox 148 3988 1141 4247">
    <p class='ocr_par' dir='ltr' id='par_1_13' title="bbox 148 3988 1141 4247">
     <span class='ocr_line' id='line_1_38' title="bbox 148 3988 1141 4075; baseline -0.01 -16"><span class='ocrx_word' id='word_1_321' title='bbox 148 4002 190 4074; x_wconf 68' lang='lat'>4)</span> <span class='ocrx_word' id='word_1_322' title='bbox 214 4001 354 4058; x_wconf 85' lang='lat' dir='ltr'>Concludo</span> <span class='ocrx_word' id='word_1_323' title='bbox 376 4021 405 4056; x_wconf 82' lang='lat' dir='ltr'>ex</span> <span class='ocrx_word' id='word_1_324' title='bbox 427 4001 485 4068; x_wconf 81' lang='lat' dir='ltr'>his,</span> <span class='ocrx_word' id='word_1_325' title='bbox 507 3999 680 4075; x_wconf 82' lang='lat' dir='ltr'>Theodorum</span> <span class='ocrx_word' id='word_1_326' title='bbox 699 3988 828 4066; x_wconf 79' lang='lat' dir='ltr'>quaedam</span> <span class='ocrx_word' id='word_1_327' title='bbox 844 3989 958 4064; x_wconf 75' lang='lat' dir='ltr'>scripta,</span> <span class='ocrx_word' id='word_1_328' title='bbox 976 4011 1044 4066; x_wconf 75' lang='lat' dir='ltr'>quae</span> <span class='ocrx_word' id='word_1_329' title='bbox 1059 3995 1141 4049; x_wconf 90' lang='lat' dir='ltr'>Zoro·</span> 
     </span>
     <span class='ocr_line' id='line_1_39' title="bbox 208 4077 1139 4144; baseline -0.004 -2"><span class='ocrx_word' id='word_1_330' title='bbox 208 4097 293 4142; x_wconf 81' lang='lat' dir='ltr'>astrae</span> <span class='ocrx_word' id='word_1_331' title='bbox 309 4087 415 4144; x_wconf 87' lang='lat' dir='ltr'>nomine</span> <span class='ocrx_word' id='word_1_332' title='bbox 433 4086 670 4144; x_wconf 78' lang='lat' dir='ltr'>circumferrentur</span> <span class='ocrx_word' id='word_1_333' title='bbox 687 4083 722 4140; x_wconf 81' lang='lat' dir='ltr'>ult</span> <span class='ocrx_word' id='word_1_334' title='bbox 739 4079 832 4138; x_wconf 78' lang='lat' dir='ltr'>oculos</span> <span class='ocrx_word' id='word_1_335' title='bbox 847 4077 970 4136; x_wconf 72' lang='lat' dir='ltr'>habuisse</span> <span class='ocrx_word' id='word_1_336' title='bbox 986 4079 1020 4140; x_wconf 72' lang='lat' dir='ltr'>tl·</span> <span class='ocrx_word' id='word_1_337' title='bbox 1038 4079 1139 4141; x_wconf 80' lang='lat' dir='ltr'>Euseh.</span> 
     </span>
     <span class='ocr_line' id='line_1_40' title="bbox 208 4173 459 4247; baseline -0.004 -19"><span class='ocrx_word' id='word_1_338' title='bbox 208 4191 299 4247; x_wconf 80' lang='lat' dir='ltr'>praep.</span> <span class='ocrx_word' id='word_1_339' title='bbox 317 4193 357 4230; x_wconf 85' lang='lat' dir='ltr'>er.</span> <span class='ocrx_word' id='word_1_340' title='bbox 375 4175 400 4241; x_wconf 90' lang='lat'>1,</span> <span class='ocrx_word' id='word_1_341' title='bbox 417 4173 459 4232; x_wconf 87' lang='lat'>10.</span> 
     </span>
    </p>
   </div>
   <div class='ocr_carea' id='block_1_9' title="bbox 0 0 1467 5230">
    <p class='ocr_par' dir='ltr' id='par_1_14' title="bbox 0 0 1467 5230">
     <span class='ocr_line' id='line_1_41' title="bbox 0 0 1467 5230; baseline 0 0"><span class='ocrx_word' id='word_1_342' title='bbox 0 0 1467 5230; x_wconf 95' lang='lat' dir='ltr'> </span> 
     </span>
    </p>
   </div>
  </div>
 </body>
</html>
