2916 5230
918 471 1171 586 ,Koa

103 657 187 742 „de
212 647 390 744 interpret.
413 655 523 722 octavi
544 655 638 740 Per,
660 652 820 734 sedesve
841 653 1013 723 Theodori
1034 656 1072 723 in
1094 657 1148 729 Ρε.

104 761 373 852 commentarios
390 759 595 846 intelligas),
615 757 732 824 lustin.
748 757 959 846 ep,Band.¹I.
979 783 1014 849 p.
1031 765 1104 829 182.
1187 833 1194 856 Ι
1247 769 1251 782 ’

167 893 171 898 ’
218 878 329 964 Quam
351 875 442 944 viam
466 876 666 941 Theodorus
687 877 723 942 iu
743 875 881 962 singulis
901 875 996 941 libris
1017 877 1149 966 ing'res·

96 989 171 1046 'sus
203 981 264 1045 sit
262 981 336 1046 dici
363 1004 433 1046 non
461 988 588 1068 potest·
624 957 825 1065 Fragmenta
854 979 944 1056 enirn
970 1000 1047 1046 cum
1072 985 1149 1049 eius

106 1097 173 1151 aut
191 1073 413 1173 impugnandi
437 1095 495 1149 aut
517 1083 717 1148 defendendi
738 1105 835 1148 causa
853 1075 1003 1151 exhibita
1021 1085 1090 1150 sint
1111 1085 1149 1152 in

104 1208 184 1252 una
208 1187 302 1252 fere
300 1179 493 1271 eademque
518 1207 555 1250 re
581 1200 757 1253 versantur
779 1196 811 1250 et
832 1177 916 1252 nihil
938 1186 1003 1252 nisr
994 1187 1151 1254 brevis-

103 1289 191 1356 simi
212 1289 417 1354 theodoreto
435 1287 667 1376 disputationis
685 1287 790 1377 panni
803 1298 891 1353 sunt.
936 1288 1152 1378 Quamquam

102 1395 274 1459 verbosus
292 1392 501 1458 Theudotus
522 1392 576 1456 hic
595 1393 650 1458 rei·
666 1401 864 1476 argumento
887 1386 1047 1458 adductus
1070 1393 1152 1478 quid

104 1493 261 1561 eadem
252 1479 375 1560 lterum
395 1493 583 1577 iterumque
603 1491 786 1580 repetendo
807 1505 920 1581 posset
940 1495 1074 1564 videtur
1089 1507 1152 1564 ex&

41 1632 50 1652 κ
103 1589 230 1697 pertus
259 1605 339 1664 esse
382 1597 456 1684 Ipse
483 1609 598 1661 narrat
623 1597 713 1684 (Fac.
737 1596 884 1680 10‚1.),
911 1602 953 1661 s'e
973 1597 1097 1680 „Arrii
1119 1611 1153 1666 et

104 1679 276 1800 Eunomii
298 1698 376 1763 de
366 1709 518 1764 incarnat
520 1699 595 1762 ione
617 1697 736 1763 delicta
756 1721 818 1764 neo
842 1721 913 1765 non
935 1683 1034 1766 etiam
1050 1703 1152 1790 Apo-

106 1802 228 1868 linarii
254 1818 378 1867 vanam
405 1801 688 1890 praesumtionem
711 1823 773 1900 per
795 1813 906 1866 totum
927 1795 1010 1891 opus
1033 1803 1107 1868 de
1096 1827 1153 1870 m-

107 1905 308 1970 oernatione
331 1905 557 1986 examinasse,
582 1911 621 1973 ut
641 1895 741 1990 nihil,
769 1903 855 1970 sicut
871 1923 941 1973 sua
954 1905 1057 1973 ferret
1075 1908 1153 1997 opi·

107 2009 189 2092 nio,
210 1999 433 2096 praeteriisset
455 2031 497 2072 ex
518 2008 586 2089 his,
610 2027 694 2092 quae
717 2019 749 2072 et
770 2007 812 2072 ad
826 2007 1024 2076 firmitatem
1046 2014 1153 2076 eoele-

106 2109 263 2178 siastioae
289 2109 510 2176 orthodoxiae
538 2112 743 2200 pertinerent
769 2123 802 2176 et
823 2111 865 2176 ad
888 2113 1153 2180 convincendam
1257 2163 1260 2178 ,
1309 2113 1312 2122 ’

109 2215 508 2302 eorum›·=impietatem.“
553 2214 729 2278 Gennadio
759 2224 870 2278 autem
897 2211 981 2280 leste
1012 2217 1086 2284 l.-l·
1115 2217 1154 2282 in

107 2317 218 2384 libr-is
224 2317 295 2382 de
276 2338 418 2382 incarn
440 2316 790 2400 „rationepurieeima
809 2327 844 2378 et
860 2318 1057 2386 testimoniis
1069 2318 1154 2383 scri-

110 2419 319 2509 pturarum“
347 2415 510 2496 ostendit,
542 2417 654 2492 Iesum
685 2416 855 2482 Christum
881 2419 1155 2507 „plenitudinem

113 2536 151 2590 et
171 2521 302 2588 deitatis
326 2530 358 2584 et
379 2518 595 2586 humanitatis
608 2518 798 2584 habuisse“
822 2531 854 2584 et
876 2520 990 2588 docuit
1010 2523 1156 2622 „homi·
1234 2514 1238 2522 “

112 2645 198 2694 nem
219 2625 347 2690 duabus
367 2635 500 2688 tantum
522 2621 745 2688 substantns
736 2645 757 2690 1
781 2647 810 2690 e
832 2625 946 2689 anima
968 2635 1000 2690 et
1013 2648 1156 2742 corpore
1178 2661 1181 2666 ·

113 2735 288 2810 constare,
320 2748 520 2811 sensumque
547 2737 579 2790 et
606 2723 762 2812 spiritum
789 2723 899 2792 officia
926 2751 997 2794 esse
1023 2730 1156 2798 animae

113 2832 305 2921 ingenita“.
335 2829 444 2895 Idem
473 2827 581 2908 addit,
615 2849 693 2893 eum
722 2841 914 2910 „quartum
943 2831 1155 2900 decimuml

113 2934 255 3028 proprie
296 2935 337 2998 de
370 2933 523 2998 increata
555 2943 589 2996 et
622 2931 737 2996 sola
727 2953 927 3018 incorporea
954 2932 1157 3021 dominaque

114 3039 269 3105 omnium
291 3061 316 3102 s.
335 3035 492 3103 trinitatis
518 3045 638 3100 natura
661 3045 706 3098 et·
716 3034 757 3101 de
775 3049 1006 3102 creaturarum
1028 3042 1157 3106 ratione

117 3142 333 3206 disserentem
358 3161 420 3226 pro
442 3149 542 3202 s'ensu
564 3157 640 3199 cum
660 3136 855 3200 auctoritate
874 3161 898 3200 s.
915 3138 1157 3224 scripturarum

116 3241 333 3332 explicuisse,
357 3239 474 3325 quinto
494 3238 623 3303 decimo
645 3259 729 3302 vero
752 3239 923 3323 volumine
943 3249 1053 3303 totum
1074 3264 1161 3328 ope·

11 3334 13 3340 ’
117 3348 166 3414 ris
193 3344 243 3410 sui
265 3363 386 3430 corpus
401 3381 403 3388 ι
416 3339 522 3406 citatis
545 3343 642 3406 etiam
664 3351 798 3428 patrum
821 3339 1052 3407 traditionibus
1073 3365 1158 3412 con-

119 3451 269 3518 firmasse
297 3459 330 3511 et
359 3433 659 3510 communivissrt
699 3441 753 3512 ttx
774 3441 825 3530 hl⁸
845 3464 945 3529 quarn
966 3445 1158 3535 disputandi

119 3553 284 3620 rationem
319 3550 368 3616 iu
392 3547 588 3613 universum
624 3556 756 3610 secutus
786 3544 828 3609 sit
854 3548 1063 3636 perspicitur.
1105 3551 1165 3636 lta,
1228 3535 1236 3564 ⁵

120 3675 204 3721 vero
227 3674 302 3717 meo
323 3651 446 3717 iudicio
468 3671 540 3714 rem
558 3647 718 3730 instituit,
739 3658 776 3710 ut
791 3669 884 3711 suam
897 3648 1000 3734 ipsius
1018 3665 1181 3718 senten--

120 3757 202 3824 tiam
219 3756 400 3831 accuratius
422 3751 621 3840 explicaret,
654 3748 867 3830 defenderet,
903 3749 1070 3836 firmaret,
1096 3753 1159 3820 ad-

120 3860 349 3928 versariorum
364 3867 475 3922 autem
486 3853 618 3918 decreta
627 3861 695 3916 ιιοιι
708 3861 799 3916 certo
809 3847 952 3936 quodam
967 3855 1084 3920 ordine
1099 3856 1157 3921 sed

120 3964 176 4030 hic
202 3955 270 4028 illic
304 3959 345 4024 de
368 3959 529 4037 industria
546 3955 754 4023 adoriretur.
809 3953 851 4017 Iu
876 3954 996 4022 ultimo
1018 3959 1039 4023 l.
1061 3981 1157 4024 suam
1229 3963 1240 3980 “
1314 3969 1319 3976 ’

123 4067 310 4132 doctrinam
330 4055 681 4152 patrumtesiimoniis
701 4051 849 4124 firmavit
869 4069 902 4122 et
920 4082 959 4123 re
976 4059 1048 4150 ipsa
1060 4080 1158 4125 com-

123 4181 234 4238 motus
254 4167 403 4256 etgideo,
426 4159 1008 4255 quod·adversariisuaeaeutentiec
1021 4174 1157 4250 patrum
1252 4161 1266 4218 f
