2938 5240
279 1803 912 1956 ennaranto

458 2139 735 2159 a*

16 2599 17 2602 ’
76 2529 225 2652 Schola
249 2573 483 2670 Antiocheno,
516 2605 606 2680 quae
633 2607 654 2652 a
677 2556 860 2653 Dorotheo
885 2599 919 2653 et
941 2571 1116 2671 Lucieno·
1210 2561 1216 2574 ’

70 2723 290 2833 preshyteris,
307 2726 384 2798 ‘sub
409 2727 515 2802 finem
539 2728 646 2803 seculi
669 2729 757 2838 tertii
781 2727 918 2804 condita
933 2746 1003 2818 cst,
1027 2751 1110 2810 cum
1161 2771 1165 2785 ι
1202 2729 1206 2734 ’

72 2903 111 2949 ea
135 2872 191 2950 via
213 2872 401 2965 incederet,
433 2874 691 2968 quampriores
718 2853 875 2944 doctores
899 2867 1110 2944 Antiocheni

68 3020 230 3112 inierant,
263 3019 473 3120 theologiam
501 3019 631 3094 sensim
654 3047 694 3094 ac
720 3017 900 3124 paullatim
919 3019 967 3092 ita
988 3017 1108 3092 studiis

69 3167 140 3242 suis
165 3133 342 3268 persecuta
363 3189 430 3260 est,
456 3189 496 3240 ut
516 3167 633 3244 indole
656 3195 719 3242 sua
737 3167 901 3271 peculiari
915 3166 1108 3244 admodum

69 3314 243 3410 splendeat
281 3317 523 3414 summamque
560 3314 631 3389 vim
670 3314 705 3386 in
736 3299 926 3422 ecclesiam
951 3341 1108 3414 graecam

70 3447 274 3576 cnlribuerit'
294 3528 298 3541 ,
322 3461 463 3534 Frustra
503 3460 595 3534 enim
610 3513 612 3520 ·
627 3462 784 3538 ecclesiae
802 3489 957 3564 graecae,
988 3463 1107 3540 veteris

69 3610 214 3686 maxime
244 3608 390 3683 rationes
421 3609 614 3708 perspicere
644 3611 838 3702 conaberis,
871 3608 938 3684 nisi
966 3579 1108 3686 tlteolo-
1154 3653 1159 3666 ·
1190 3591 1196 3616 ‘

69 3759 159 3861 giam
184 3758 438 3834 Antiochenam
466 3757 577 3857 probe
608 3733 818 3869 cognoveris.
867 3757 943 3834 Nec
962 3724 1109 3834 nimium

70 3907 157 4000 dixi,
187 3905 259 3982 imo
276 3926 355 3980 *tota
377 3903 551 4004 theologia
574 3933 711 4006 graeca,
744 3933 833 4006 quae
858 3905 998 4000 quidem
1022 3904 1108 4000 quid

69 4055 134 4130 sibi
160 4056 264 4132 uellet
292 4052 416 4127 sciehat
444 4078 557 4148 neque
579 4052 732 4128 infausto
761 4075 898 4169 torpore
915 4021 1120 4170 tenebatur*

70 4185 129 4280 me
151 4201 263 4304 iudice
295 4228 357 4302 per
388 4222 586 4304 temporum
616 4201 801 4278 decursum
830 4203 999 4304 tripartita
1025 4223 1105 4294 erat,
1197 4229 1202 4236 ¹

74 4348 319 4452 Alexandrina,
352 4347 568 4426 Arrnochena
593 4373 626 4428 et
649 4377 738 4446 quae
757 4351 907 4426 mediam
931 4349 1106 4454 quandam
1196 4371 1202 4388 ¹
1294 4411 1314 4428 .,
