2938 5240
964 485 966 492 ,
1084 479 1139 548 ω,

86 652 207 756 quap.
222 669 273 733 se.
294 662 353 750 (οο
366 663 418 730 rt
432 667 472 747 e,
492 657 560 754 n),
582 662 653 733 195.
672 657 821 751 (9,1e.),
842 661 1020 751 scorto,
1044 667 1132 754 sn),

83 767 278 854 968..(49.)
297 789 357 832 cur
378 765 609 854 Mopevesteni
629 779 814 852 esseneg'es
840 766 935 849 nulle
959 767 1047 834 ratio
1072 781 1132 838 est.
1231 795 1232 799 ¹

88 873 251 937 Ceterum
267 891 350 956 quse
363 861 552 936 schnzein
565 869 645 940 edit.
660 866 867 938 Theodoreti
880 868 905 933 1.
920 891 954 956 p.
965 873 1039 936 792.
1055 876 1130 941 793.

22 973 23 976 ’
85 996 133 1038 ex
145 971 216 1038 cod.
231 971 305 1037 flor.
332 971 374 1038 de
394 971 447 1038 Ps.
460 977 515 1058 30,
538 979 569 1040 3.
591 971 775 1046 ·attulitl‚ce
791 971 964 1040 Theodori
985 995 1055 1040 esse
1070 975 1132 1041 ed-

83 1075 229 1140 modum
250 1070 438 1162 probabile'
1120 1116 1123 1126 ·

191 1191 234 1280 In
255 1191 361 1274 altero
383 1199 518 1255 catenae
538 1198 634 1254 tomo
657 1187 826 1278 permulta
839 1188 1061 1256 Theodori
1078 1189 1133 1258 ef'-

84 1292 265 1375 feruntur,
302 1313 448 1379 quorum
476 1291 635 1379 pleraque
658 1291 900 1384 Mopsvesteno
929 1289 1133 1359 vindicanda

85 1407 178 1460 sunt.
220 1395 307 1460 Sane
329 1396 522 1460 catenarum
543 1392 628 1458 fides
653 1391 724 1460 fere
746 1417 817 1461 non
830 1405 970 1480 megna,'
989 1394 1027 1460 in
1040 1396 1133 1460 mul·
1164 1443 1167 1452 .

85 1498 131 1563 tis
153 1499 253 1563 etiam
267 1495 466 1562 Theodorus
487 1496 708 1576 Heracleote,
730 1493 901 1562 Diodorus
924 1507 957 1560 et
970 1497 1133 1564 Theodo-

85 1611 183 1666 retus
208 1621 286 1664 cum
309 1598 546 1684 Mopsvesteno
571 1596 796 1680 conveniunt,
817 1597 918 1664 huius
939 1611 1054 1676 tamen
1067 1599 1134 1666 lin-

85 1725 158 1788 gua
174 1699 488 1786 interpretandique
497 1698 583 1763 ratio
599 1699 672 1764 fere
687 1697 873 1764 manifestis
887 1701 975 1764 notis
984 1701 1134 1787 dignosci

85 1814 212 1894 potest.
256 1800 349 1888 Quid
368 1799 476 1868 vero?
497 1801 545 1866 Ut
563 1799 643 1866 alies
660 1799 828 1876 difficilius
849 1799 1031 1867 theodores
1049 1802 1137 1868 odo-

77 1905 193 1986 ‘reris,
220 1925 360 1988 eaquae
381 1925 425 1969 ex
448 1902 694 1969 commentariis
706 1903 742 1967 in
754 1903 807 1969 Pe.
823 1902 930 1994 petila
942 1916 1022 1970 sunt
1034 1902 1136 1968 inve-
1172 1935 1176 1954 ι
1238 1949 1240 1967 .

86 2009 212 2094 stigere
229 1993 314 2072 nilit
329 2018 380 2072 est
391 2005 527 2101 negotii.
569 2005 623 2071 De
638 2004 777 2070 Psalmis
792 2005 885 2070 enim
905 2028 983 2071 cum
998 2005 1136 2072 brevio-

86 2133 146 2178 res
168 2111 235 2176 sint
260 2123 293 2175 et
313 2109 355 2174 ad
372 2101 519 2174 diversas
533 2130 587 2173 res
603 2106 721 2173 referri
734 2109 880 2198 possint,
901 2107 976 2174 illi
965 2120 1135 2196 interpre-

88 2225 143 2282 tes
162 2211 278 2278 minus
299 2210 528 2296 consentiunt,
551 2199 698 2276 inaximo
720 2221 832 2278 eutem
843 2211 1044 2278 Theodorus
1057 2200 1134 2300 ple-

87 2335 236 2401 rumque
258 2315 300 2380 eb
320 2313 387 2380 illis
411 2313 565 2396 dissidet,
588 2335 645 2400 qur
636 2313 712 2379 hic
725 2315 860 2408 quidem
872 2313 978 2399 multa
992 2315 1137 2392 novavit

88 2443 127 2488 v.
151 2416 212 2486 inf.
256 2417 321 2482 Ille
339 2439 423 2482 vero
436 2416 610 2482 Theodor1
629 2415 817 2501 fragmenta
832 2438 909 2480 cum
924 2416 961 2481 in
973 2415 1135 2480 Theodo-

88 2521 158 2589 reti
172 2531 206 2586 et
219 2520 286 2586 Th.
301 2518 519 2585 Heracleotae
542 2517 787 2594 commentariis
804 2516 898 2620 (pere
910 2518 1008 2586 huius
1022 2518 1135 2584 Here-

90 2626 217 2690 cleotae
248 2623 478 2688 commentarii
498 2621 543 2705 in
572 2633 689 2688 catena
721 2605 876 2687 Corderii
907 2621 1044 2706 sing'ulis
1079 2622 1134 2686 Ps.

90 2726 274 2820 praemisse
290 2723 355 2806 est)
376 2747 447 2790 non
461 2725 632 2808 legantur,
654 2723 712 2788 sed
727 2745 805 2788 cum
818 2724 882 2786 illis
895 2721 968 2786 fere
984 2733 1144 2811 pugnent,

91 2855 127 2896 v.
150 2851 184 2893 v.
207 2851 238 2892 c.
256 2817 298 2890 dd
321 2827 371 2889 Ps.
396 2829 448 2891 67.
476 2823 580 2908 dieta,
615 2823 810 2914 praesertim
836 2823 895 2888 ubi
922 2843 992 2940 quo
1011 2824 1162 2910 singuli·
1191 2860 1193 2866 ·
1289 2859 1293 2870 ==

92 2933 146 3000 Ps
167 2929 359 3020 pertineant
380 2926 588 3012 edisseritur,
614 2938 731 2992 contra
747 2927 840 3010 inter
858 2949 894 2991 se
917 2925 1026 3010 otiis,
1050 2949 1135 3013 quae

94 3035 138 3101 de
166 3032 348 3102 Theodoro
378 3030 587 3125 Psalmorum
616 3029 800 3118 interprete
830 3029 1019 3117 accepimus
1048 3029 1134 3095 belle
1225 3043 1228 3048 '

94 3134 315 3215 convenient,
348 3132 580 3220 Mopsvesteni
614 3155 683 3198 esse
710 3143 839 3196 certum
865 3144 921 3196 est.
975 3131 1135 3196 Ceterum

92 3241 179 3306 haec
207 3234 307 3300 etiam
343 3245 458 3298 catena
494 3232 664 3298 communi
686 3243 879 3296 catenarum
906 3230 982 3296 labe
1009 3231 1136 3296 infecta

95 3355 151 3409 est¹
179 3351 279 3422 atque
315 3334 404 3401 haud
434 3357 549 3423 pauca
582 3331 701 3420 fragm.
728 3355 904 3421 perperam
937 3333 1134 3420 quibusdem

93 3439 337 3529 interpretibus
367 3437 576 3521 tribuuntur,
603 3437 650 3501 sic
672 3437 837 3502 nonnulla
863 3435 1071 3504 Theodoreti
1097 3436 1134 3502 in

96 3547 162 3615 Th.
175 3543 390 3611 Heracleotae
411 3539 657 3607 commentariis
676 3538 848 3626 leguntur,
870 3537 1012 3625 ideoque
1027 3539 1133 3605 nolim

94 3631 284 3742 praefracte
314 3642 531 3726 contendere,
571 3641 684 3708 omnia
720 3663 805 3727 quae
838 3661 909 3706 non
935 3640 1049 3730 spuria
1076 3653 1133 3708 aut

99 3817 303 3839 ...ιιι-...-

182 3958 230 4012 .p‚
245 3935 306 3994 347.
340 3923 497 3990 Sed'maior
516 3903 673 4002 negligentia
693 3931 721 3996 in
740 3927 798 3984 eod.
818 3889 958 3984 DWCXVIl⁸
978 3925 1042 3980 bibl.
1055 3906 1130 3984 ratic.
1251 3953 1255 3966 .

202 4024 375 4080 observetur,
409 4021 439 4073 in
465 4035 521 4091 quo
551 4016 647 4092 legitur
675 4013 856 4087 interpretatio
880 4014 1006 4068 continua
1032 4014 1059 4068 in
1086 4015 1131 4067 Pe.
1165 4031 1169 4048 ,

202 4103 342 4176 Θεοδώρου
366 4100 574 4171 Ἀντιοχέως
596 4101 642 4158 sed
665 4107 734 4176 quae
756 4098 917 4157 Theodoreti
941 4111 981 4157 est
1003 4101 1037 4158 cl.
1060 4103 1129 4170 Aug.

95 4231 100 4246 .
202 4191 268 4248 Mai.
286 4189 304 4244 l.
321 4189 342 4244 l.
359 4187 382 4244 1.
399 4206 429 4260 p.
446 4186 532 4244 xxtt.
