<?xml version="1.0" encoding="UTF-8"?>
<!DOCTYPE html PUBLIC "-//W3C//DTD XHTML 1.0 Transitional//EN"
    "http://www.w3.org/TR/xhtml1/DTD/xhtml1-transitional.dtd">
<html xmlns="http://www.w3.org/1999/xhtml" xml:lang="en" lang="en">
 <head>
  <title>
</title>
<meta http-equiv="Content-Type" content="text/html;charset=utf-8" />
  <meta name='ocr-system' content='tesseract 3.04.00' />
  <meta name='ocr-capabilities' content='ocr_page ocr_carea ocr_par ocr_line ocrx_word'/>
</head>
<body>
  <div class='ocr_page' id='page_1' title='image "./detheodorimopsv00fritgoog_0069.png"; bbox 0 0 2938 5240; ppageno 0'>
   <div class='ocr_carea' id='block_1_1' title="bbox 1025 401 1347 587">
    <p class='ocr_par' dir='ltr' id='par_1_1' title="bbox 1025 401 1347 587">
     <span class='ocr_line' id='line_1_1' title="bbox 1344 401 1347 411; baseline 0 0"><span class='ocrx_word' id='word_1_1' title='bbox 1344 401 1347 411; x_wconf 65' lang='lat' dir='ltr'>v</span> 
     </span>
     <span class='ocr_line' id='line_1_2' title="bbox 1132 455 1308 478; baseline -0.034 0"><span class='ocrx_word' id='word_1_2' title='bbox 1132 469 1136 478; x_wconf 80' lang='grc' dir='ltr'>ι</span> <span class='ocrx_word' id='word_1_3' title='bbox 1298 455 1308 472; x_wconf 75' lang='lat' dir='ltr'><em>ae</em></span> 
     </span>
     <span class='ocr_line' id='line_1_3' title="bbox 1100 485 1252 559; baseline -0.033 -27"><span class='ocrx_word' id='word_1_4' title='bbox 1100 485 1146 559; x_wconf 64' lang='lat'><strong>53</strong></span> <span class='ocrx_word' id='word_1_5' title='bbox 1247 515 1252 527; x_wconf 95' lang='lat'><strong>.</strong></span> 
     </span>
     <span class='ocr_line' id='line_1_4' title="bbox 1025 552 1121 587; baseline -0.031 -3"><span class='ocrx_word' id='word_1_6' title='bbox 1025 552 1041 584; x_wconf 53' lang='lat' dir='ltr'><strong>al</strong></span> <span class='ocrx_word' id='word_1_7' title='bbox 1117 581 1121 587; x_wconf 54' lang='lat'><strong>.</strong></span> 
     </span>
    </p>
   </div>
   <div class='ocr_carea' id='block_1_2' title="bbox 29 667 1401 3022">
    <p class='ocr_par' dir='ltr' id='par_1_2' title="bbox 104 667 1203 769">
     <span class='ocr_line' id='line_1_5' title="bbox 104 667 1203 766; baseline -0.004 -18"><span class='ocrx_word' id='word_1_8' title='bbox 104 667 306 748; x_wconf 74' lang='lat' dir='ltr'><strong>t&#39;rrlrner&#39;unt.</strong></span> <span class='ocrx_word' id='word_1_9' title='bbox 322 677 477 748; x_wconf 72' lang='lat' dir='ltr'><strong>&#39;Primum</strong></span> <span class='ocrx_word' id='word_1_10' title='bbox 488 679 578 748; x_wconf 86' lang='lat' dir='ltr'><strong>enim</strong></span> <span class='ocrx_word' id='word_1_11' title='bbox 585 677 758 748; x_wconf 74' lang='lat' dir='ltr'><strong>Theodori</strong></span> <span class='ocrx_word' id='word_1_12' title='bbox 772 676 808 764; x_wconf 85' lang='lat' dir='ltr'><strong>in</strong></span> <span class='ocrx_word' id='word_1_13' title='bbox 820 675 899 748; x_wconf 84' lang='grc' dir='ltr'><strong>ΧΠ.</strong></span> <span class='ocrx_word' id='word_1_14' title='bbox 912 675 1033 766; x_wconf 81' lang='lat' dir='ltr'><strong>proph.</strong></span> <span class='ocrx_word' id='word_1_15' title='bbox 1045 697 1142 742; x_wconf 88' lang='lat' dir='ltr'><strong>com·</strong></span> <span class='ocrx_word' id='word_1_16' title='bbox 1197 735 1203 744; x_wconf 91' lang='lat'><strong>.</strong></span> 
     </span>
    </p>

    <p class='ocr_par' dir='ltr' id='par_1_3' title="bbox 29 777 1193 1088">
     <span class='ocr_line' id='line_1_6' title="bbox 29 777 1142 852; baseline -0.007 -4"><span class='ocrx_word' id='word_1_17' title='bbox 29 811 33 824; x_wconf 89' lang='lat'>·</span> <span class='ocrx_word' id='word_1_18' title='bbox 104 781 291 848; x_wconf 75' lang='lat' dir='ltr'><strong>memorius</strong></span> <span class='ocrx_word' id='word_1_19' title='bbox 312 787 353 852; x_wconf 79' lang='lat' dir='ltr'><strong>ab</strong></span> <span class='ocrx_word' id='word_1_20' title='bbox 375 777 544 851; x_wconf 83' lang='lat' dir='ltr'><strong>Ebedieau</strong></span> <span class='ocrx_word' id='word_1_21' title='bbox 563 795 600 848; x_wconf 84' lang='lat' dir='ltr'><strong>¹ot</strong></span> <span class='ocrx_word' id='word_1_22' title='bbox 619 779 753 849; x_wconf 87' lang='lat' dir='ltr'><strong>in&#39;Aot.</strong></span> <span class='ocrx_word' id='word_1_23' title='bbox 773 781 874 846; x_wconf 80' lang='lat' dir='ltr'><strong>Cone.</strong></span> <span class='ocrx_word' id='word_1_24' title='bbox 888 779 1003 850; x_wconf 83' lang='lat' dir='ltr'><strong>Cenat.</strong></span> <span class='ocrx_word' id='word_1_25' title='bbox 1018 779 1063 846; x_wconf 89' lang='lat' dir='ltr'><strong>II.</strong></span> <span class='ocrx_word' id='word_1_26' title='bbox 1078 778 1142 846; x_wconf 78' lang='lat' dir='ltr'><strong>tv.-</strong></span> 
     </span>
     <span class='ocr_line' id='line_1_7' title="bbox 105 880 1193 968; baseline 0 -20"><span class='ocrx_word' id='word_1_27' title='bbox 105 883 242 968; x_wconf 86' lang='lat' dir='ltr'><strong>oitatur,</strong></span> <span class='ocrx_word' id='word_1_28' title='bbox 264 896 333 951; x_wconf 90' lang='lat' dir='ltr'><strong>tum</strong></span> <span class='ocrx_word' id='word_1_29' title='bbox 350 885 407 953; x_wconf 90' lang='lat' dir='ltr'><strong>ille</strong></span> <span class='ocrx_word' id='word_1_30' title='bbox 423 881 459 951; x_wconf 79' lang='lat' dir='ltr'><strong>iri</strong></span> <span class='ocrx_word' id='word_1_31' title='bbox 473 884 629 953; x_wconf 89' lang='lat' dir='ltr'><strong>omnibus</strong></span> <span class='ocrx_word' id='word_1_32' title='bbox 642 883 715 950; x_wconf 89' lang='lat' dir='ltr'><strong>odd.</strong></span> <span class='ocrx_word' id='word_1_33' title='bbox 729 883 903 950; x_wconf 82' lang='lat' dir='ltr'><strong>Theodori</strong></span> <span class='ocrx_word' id='word_1_34' title='bbox 916 880 1142 957; x_wconf 78' lang='lat' dir='ltr'><strong>dieiturAn·</strong></span> <span class='ocrx_word' id='word_1_35' title='bbox 1190 945 1193 954; x_wconf 84' lang='grc'>,</span> 
     </span>
     <span class='ocr_line' id='line_1_8' title="bbox 101 982 1156 1088; baseline -0.004 -37"><span class='ocrx_word' id='word_1_36' title='bbox 101 985 318 1075; x_wconf 87' lang='lat' dir='ltr'><strong>tiooheni,</strong></span> <span class='ocrx_word' id='word_1_37' title='bbox 342 988 463 1056; x_wconf 87' lang='lat' dir='ltr'><strong>deinde</strong></span> <span class='ocrx_word' id='word_1_38' title='bbox 482 990 519 1056; x_wconf 88' lang='lat' dir='ltr'><strong>in</strong></span> <span class='ocrx_word' id='word_1_39' title='bbox 540 1014 579 1057; x_wconf 90' lang='lat' dir='ltr'><strong>eo</strong></span> <span class='ocrx_word' id='word_1_40' title='bbox 601 988 675 1076; x_wconf 84' lang='lat' dir='ltr'><strong>ipso</strong></span> <span class='ocrx_word' id='word_1_41' title='bbox 697 987 827 1088; x_wconf 79' lang='lat' dir='ltr'><strong>saepius</strong></span> <span class='ocrx_word' id='word_1_42' title='bbox 849 982 974 1052; x_wconf 88' lang='lat' dir='ltr'><strong>mentio</strong></span> <span class='ocrx_word' id='word_1_43' title='bbox 996 983 1033 1049; x_wconf 85' lang='lat' dir='ltr'><strong>fit</strong></span> <span class='ocrx_word' id='word_1_44' title='bbox 1047 1004 1156 1048; x_wconf 73' lang='lat' dir='ltr'><strong>eom·-</strong></span> 
     </span>
    </p>

    <p class='ocr_par' dir='ltr' id='par_1_4' title="bbox 50 1087 1243 1588">
     <span class='ocr_line' id='line_1_9' title="bbox 50 1087 1142 1186; baseline -0.005 -31"><span class='ocrx_word' id='word_1_45' title='bbox 50 1115 58 1124; x_wconf 96' lang='lat'>·</span> <span class='ocrx_word' id='word_1_46' title='bbox 83 1087 257 1186; x_wconf 14' lang='lat' dir='ltr'><strong>nmentarii</strong></span> <span class='ocrx_word' id='word_1_47' title='bbox 278 1089 314 1158; x_wconf 88' lang='lat' dir='ltr'><strong>in</strong></span> <span class='ocrx_word' id='word_1_48' title='bbox 334 1087 486 1184; x_wconf 84' lang='lat' dir='ltr'><strong>Psalmoa</strong></span> <span class='ocrx_word' id='word_1_49' title='bbox 508 1114 542 1156; x_wconf 82' lang='lat' dir='ltr'><strong>v.</strong></span> <span class='ocrx_word' id='word_1_50' title='bbox 555 1111 584 1155; x_wconf 87' lang='lat' dir='ltr'><strong>o.</strong></span> <span class='ocrx_word' id='word_1_51' title='bbox 605 1087 648 1154; x_wconf 87' lang='lat' dir='ltr'><strong>ad</strong></span> <span class='ocrx_word' id='word_1_52' title='bbox 663 1088 770 1156; x_wconf 65' lang='lat' dir='ltr'><strong>Zaehr</strong></span> <span class='ocrx_word' id='word_1_53' title='bbox 779 1093 809 1172; x_wconf 86' lang='lat'><strong>9,</strong></span> <span class='ocrx_word' id='word_1_54' title='bbox 823 1091 873 1170; x_wconf 87' lang='lat'><strong>9.,</strong></span> <span class='ocrx_word' id='word_1_55' title='bbox 896 1106 998 1170; x_wconf 90' lang='lat' dir='ltr'><strong>quem</strong></span> <span class='ocrx_word' id='word_1_56' title='bbox 1014 1094 1142 1151; x_wconf 83' lang='lat' dir='ltr'><strong>constat</strong></span> 
     </span>
     <span class='ocr_line' id='line_1_10' title="bbox 98 1186 1240 1282; baseline -0.006 -24"><span class='ocrx_word' id='word_1_57' title='bbox 98 1204 254 1258; x_wconf 79' lang='lat' dir='ltr'><strong>nostrum</strong></span> <span class='ocrx_word' id='word_1_58' title='bbox 283 1193 475 1282; x_wconf 44' lang='lat' dir='ltr'><strong>scripsisse)</strong></span> <span class='ocrx_word' id='word_1_59' title='bbox 498 1191 642 1278; x_wconf 89' lang='lat' dir='ltr'><strong>denique</strong></span> <span class='ocrx_word' id='word_1_60' title='bbox 671 1190 803 1257; x_wconf 80' lang='lat' dir='ltr'><strong>dicendi</strong></span> <span class='ocrx_word' id='word_1_61' title='bbox 831 1186 1141 1278; x_wconf 70' lang='lat' dir='ltr'><strong>interpretandique</strong></span> <span class='ocrx_word' id='word_1_62' title='bbox 1237 1251 1240 1260; x_wconf 65' lang='grc'>,</span> 
     </span>
     <span class='ocr_line' id='line_1_11' title="bbox 99 1272 1142 1378; baseline -0.004 -18"><span class='ocrx_word' id='word_1_63' title='bbox 99 1295 186 1363; x_wconf 84' lang='lat' dir='ltr'><strong>natio</strong></span> <span class='ocrx_word' id='word_1_64' title='bbox 209 1295 391 1367; x_wconf 73' lang='lat' dir='ltr'><strong>theodoret</strong></span> <span class='ocrx_word' id='word_1_65' title='bbox 414 1307 472 1362; x_wconf 84' lang='lat' dir='ltr'><strong>eat.</strong></span> <span class='ocrx_word' id='word_1_66' title='bbox 514 1295 700 1378; x_wconf 81' lang='lat' dir='ltr'><strong>Utramque</strong></span> <span class='ocrx_word' id='word_1_67' title='bbox 722 1294 759 1360; x_wconf 91' lang='lat' dir='ltr'><strong>in</strong></span> <span class='ocrx_word' id='word_1_68' title='bbox 780 1316 819 1360; x_wconf 88' lang='lat' dir='ltr'><strong>eo</strong></span> <span class='ocrx_word' id='word_1_69' title='bbox 839 1283 913 1360; x_wconf 83' lang='lat' dir='ltr'><strong>eam</strong></span> <span class='ocrx_word' id='word_1_70' title='bbox 927 1272 1142 1357; x_wconf 62' lang='lat' dir='ltr'><strong>adimadver-</strong></span> 
     </span>
     <span class='ocr_line' id='line_1_12' title="bbox 98 1391 1243 1486; baseline -0.008 -24"><span class='ocrx_word' id='word_1_71' title='bbox 98 1397 218 1479; x_wconf 88' lang='lat' dir='ltr'><strong>timus,</strong></span> <span class='ocrx_word' id='word_1_72' title='bbox 249 1420 349 1486; x_wconf 88' lang='lat' dir='ltr'><strong>quam</strong></span> <span class='ocrx_word' id='word_1_73' title='bbox 385 1399 423 1464; x_wconf 91' lang='lat' dir='ltr'><strong>in</strong></span> <span class='ocrx_word' id='word_1_74' title='bbox 458 1394 630 1464; x_wconf 87' lang='lat' dir='ltr'><strong>Theodori</strong></span> <span class='ocrx_word' id='word_1_75' title='bbox 662 1394 857 1484; x_wconf 74' lang='lat' dir='ltr'><strong>fragmentis</strong></span> <span class='ocrx_word' id='word_1_76' title='bbox 891 1393 1011 1484; x_wconf 88' lang='lat' dir='ltr'><strong>procul</strong></span> <span class='ocrx_word' id='word_1_77' title='bbox 1038 1391 1141 1458; x_wconf 90' lang='lat' dir='ltr'><strong>dubio</strong></span> <span class='ocrx_word' id='word_1_78' title='bbox 1239 1411 1243 1420; x_wconf 83' lang='lat'>·</span> 
     </span>
     <span class='ocr_line' id='line_1_13' title="bbox 98 1492 1140 1588; baseline -0.006 -22"><span class='ocrx_word' id='word_1_79' title='bbox 98 1499 254 1588; x_wconf 82' lang='lat' dir='ltr'><strong>genuinis</strong></span> <span class='ocrx_word' id='word_1_80' title='bbox 287 1519 455 1586; x_wconf 77' lang='lat' dir='ltr'><strong>quemque</strong></span> <span class='ocrx_word' id='word_1_81' title='bbox 483 1501 521 1566; x_wconf 91' lang='lat' dir='ltr'><strong>in</strong></span> <span class='ocrx_word' id='word_1_82' title='bbox 547 1500 745 1566; x_wconf 82' lang='lat' dir='ltr'><strong>universum</strong></span> <span class='ocrx_word' id='word_1_83' title='bbox 764 1501 860 1580; x_wconf 59' lang='lat' dir='ltr'><strong>Jreote</strong></span> <span class='ocrx_word' id='word_1_84' title='bbox 889 1493 1028 1561; x_wconf 81' lang='lat' dir='ltr'><strong>Photiue</strong></span> <span class='ocrx_word' id='word_1_85' title='bbox 1057 1518 1085 1562; x_wconf 89' lang='lat' dir='ltr'><strong>o.</strong></span> <span class='ocrx_word' id='word_1_86' title='bbox 1107 1492 1140 1560; x_wconf 78' lang='lat'><strong>4.</strong></span> 
     </span>
    </p>

    <p class='ocr_par' dir='ltr' id='par_1_5' title="bbox 30 1591 1221 1793">
     <span class='ocr_line' id='line_1_14' title="bbox 30 1591 1221 1694; baseline -0.011 -22"><span class='ocrx_word' id='word_1_87' title='bbox 30 1663 36 1672; x_wconf 83' lang='lat'><em>‚</em></span> <span class='ocrx_word' id='word_1_88' title='bbox 101 1609 173 1670; x_wconf 78' lang='lat'><strong>177.</strong></span> <span class='ocrx_word' id='word_1_89' title='bbox 197 1609 251 1674; x_wconf 87' lang='grc'><strong>88.</strong></span> <span class='ocrx_word' id='word_1_90' title='bbox 282 1603 454 1692; x_wconf 79' lang='lat' dir='ltr'><strong>descripsit</strong></span> <span class='ocrx_word' id='word_1_91' title='bbox 485 1603 531 1694; x_wconf 78' lang='grc' dir='ltr'><strong>(ν.</strong></span> <span class='ocrx_word' id='word_1_92' title='bbox 563 1616 605 1672; x_wconf 90' lang='lat' dir='ltr'><strong>et.</strong></span> <span class='ocrx_word' id='word_1_93' title='bbox 634 1603 756 1669; x_wconf 89' lang='lat' dir='ltr'><strong>Leont.</strong></span> <span class='ocrx_word' id='word_1_94' title='bbox 775 1600 798 1668; x_wconf 92' lang='lat' dir='ltr'><strong>l.</strong></span> <span class='ocrx_word' id='word_1_95' title='bbox 814 1623 850 1669; x_wconf 83' lang='lat' dir='ltr'><strong>o.</strong></span> <span class='ocrx_word' id='word_1_96' title='bbox 872 1619 907 1685; x_wconf 83' lang='lat' dir='ltr'><strong>p.</strong></span> <span class='ocrx_word' id='word_1_97' title='bbox 925 1599 999 1663; x_wconf 89' lang='grc'><strong>686.</strong></span> <span class='ocrx_word' id='word_1_98' title='bbox 1021 1597 1061 1664; x_wconf 90' lang='lat' dir='ltr'><strong>cl.</strong></span> <span class='ocrx_word' id='word_1_99' title='bbox 1084 1591 1140 1676; x_wconf 86' lang='lat' dir='ltr'><strong>iis,</strong></span> <span class='ocrx_word' id='word_1_100' title='bbox 1217 1610 1221 1620; x_wconf 82' lang='grc'><strong>’</strong></span> 
     </span>
     <span class='ocr_line' id='line_1_15' title="bbox 99 1697 1139 1793; baseline -0.011 -22"><span class='ocrx_word' id='word_1_101' title='bbox 99 1725 188 1790; x_wconf 84' lang='lat' dir='ltr'><strong>quae</strong></span> <span class='ocrx_word' id='word_1_102' title='bbox 208 1705 410 1771; x_wconf 83' lang='lat' dir='ltr'><strong>Theodorus</strong></span> <span class='ocrx_word' id='word_1_103' title='bbox 432 1706 470 1788; x_wconf 84' lang='lat' dir='ltr'><strong>in</strong></span> <span class='ocrx_word' id='word_1_104' title='bbox 485 1703 595 1793; x_wconf 79' lang='lat' dir='ltr'><strong>praef.</strong></span> <span class='ocrx_word' id='word_1_105' title='bbox 618 1703 659 1768; x_wconf 84' lang='lat' dir='ltr'><strong>ad</strong></span> <span class='ocrx_word' id='word_1_106' title='bbox 678 1705 783 1787; x_wconf 62' lang='lat' dir='ltr'><strong>Hos„</strong></span> <span class='ocrx_word' id='word_1_107' title='bbox 811 1701 852 1768; x_wconf 91' lang='lat' dir='ltr'><strong>ad</strong></span> <span class='ocrx_word' id='word_1_108' title='bbox 867 1699 971 1786; x_wconf 85' lang='lat' dir='ltr'><strong>Soph.</strong></span> <span class='ocrx_word' id='word_1_109' title='bbox 988 1702 1017 1780; x_wconf 90' lang='lat'><strong>1,</strong></span> <span class='ocrx_word' id='word_1_110' title='bbox 1030 1697 1139 1770; x_wconf 78' lang='grc'><strong>4-6.</strong></span> 
     </span>
    </p>

    <p class='ocr_par' dir='ltr' id='par_1_6' title="bbox 95 1795 1401 2610">
     <span class='ocr_line' id='line_1_16' title="bbox 97 1795 1141 1900; baseline -0.011 -26"><span class='ocrx_word' id='word_1_111' title='bbox 97 1813 130 1888; x_wconf 85' lang='grc'><strong>8,</strong></span> <span class='ocrx_word' id='word_1_112' title='bbox 148 1813 180 1873; x_wconf 76' lang='grc'><strong>8.</strong></span> <span class='ocrx_word' id='word_1_113' title='bbox 204 1807 317 1900; x_wconf 73' lang='lat' dir='ltr'><strong>dixit).</strong></span> <span class='ocrx_word' id='word_1_114' title='bbox 361 1808 423 1874; x_wconf 91' lang='lat' dir='ltr'><strong>Illa</strong></span> <span class='ocrx_word' id='word_1_115' title='bbox 451 1819 565 1872; x_wconf 88' lang='lat' dir='ltr'><strong>antem</strong></span> <span class='ocrx_word' id='word_1_116' title='bbox 592 1815 663 1870; x_wconf 77' lang='lat' dir='ltr'><strong>tarn</strong></span> <span class='ocrx_word' id='word_1_117' title='bbox 693 1802 871 1894; x_wconf 81' lang='lat' dir='ltr'><strong>peculiaria</strong></span> <span class='ocrx_word' id='word_1_118' title='bbox 901 1803 968 1879; x_wconf 80' lang='lat' dir='ltr'><strong>eet,</strong></span> <span class='ocrx_word' id='word_1_119' title='bbox 999 1795 1141 1882; x_wconf 85' lang='lat' dir='ltr'><strong>utquid</strong></span> 
     </span>
     <span class='ocr_line' id='line_1_17' title="bbox 97 1887 1197 1996; baseline -0.011 -21"><span class='ocrx_word' id='word_1_120' title='bbox 97 1908 272 1984; x_wconf 87' lang='lat' dir='ltr'><strong>Theodori</strong></span> <span class='ocrx_word' id='word_1_121' title='bbox 299 1909 342 1976; x_wconf 82' lang='lat' dir='ltr'><strong>sit</strong></span> <span class='ocrx_word' id='word_1_122' title='bbox 371 1903 497 1996; x_wconf 72' lang='lat' dir='ltr'><strong>quidue</strong></span> <span class='ocrx_word' id='word_1_123' title='bbox 518 1908 630 1974; x_wconf 82' lang='lat' dir='ltr'><strong>miuus</strong></span> <span class='ocrx_word' id='word_1_124' title='bbox 651 1906 749 1974; x_wconf 86' lang='lat' dir='ltr'><strong>facile</strong></span> <span class='ocrx_word' id='word_1_125' title='bbox 771 1905 896 1972; x_wconf 81' lang='lat' dir='ltr'><strong>videas.</strong></span> <span class='ocrx_word' id='word_1_126' title='bbox 917 1899 1031 1967; x_wconf 80' lang='lat' dir='ltr'><strong>&#39;Illud</strong></span> <span class='ocrx_word' id='word_1_127' title='bbox 1055 1887 1139 1965; x_wconf 77' lang='lat' dir='ltr'><strong>vero</strong></span> <span class='ocrx_word' id='word_1_128' title='bbox 1155 1889 1173 1956; x_wconf 58' lang='grc' dir='ltr'><em>ἶ</em></span> <span class='ocrx_word' id='word_1_129' title='bbox 1195 1901 1197 1904; x_wconf 73' lang='grc'>’</span> 
     </span>
     <span class='ocr_line' id='line_1_18' title="bbox 96 2001 1141 2100; baseline -0.007 -24"><span class='ocrx_word' id='word_1_130' title='bbox 96 2011 226 2078; x_wconf 88' lang='lat' dir='ltr'><strong>morari</strong></span> <span class='ocrx_word' id='word_1_131' title='bbox 250 2035 312 2077; x_wconf 85' lang='lat' dir='ltr'><strong>noe</strong></span> <span class='ocrx_word' id='word_1_132' title='bbox 333 2037 403 2078; x_wconf 90' lang='lat' dir='ltr'><strong>non</strong></span> <span class='ocrx_word' id='word_1_133' title='bbox 423 2023 552 2100; x_wconf 87' lang='lat' dir='ltr'><strong>potest,</strong></span> <span class='ocrx_word' id='word_1_134' title='bbox 582 2009 671 2098; x_wconf 88' lang='lat' dir='ltr'><strong>quod</strong></span> <span class='ocrx_word' id='word_1_135' title='bbox 692 2007 868 2085; x_wconf 53' lang='lat' dir='ltr'><strong>tria‘loca,</strong></span> <span class='ocrx_word' id='word_1_136' title='bbox 897 2002 1041 2089; x_wconf 83' lang='lat' dir='ltr'><strong>quaein</strong></span> <span class='ocrx_word' id='word_1_137' title='bbox 1063 2001 1141 2069; x_wconf 85' lang='lat' dir='ltr'><strong>Act.</strong></span> 
     </span>
     <span class='ocr_line' id='line_1_19' title="bbox 98 2100 1181 2204; baseline -0.009 -26"><span class='ocrx_word' id='word_1_138' title='bbox 98 2115 202 2204; x_wconf 72' lang='lat' dir='ltr'><strong>Cone.</strong></span> <span class='ocrx_word' id='word_1_139' title='bbox 219 2115 333 2183; x_wconf 79' lang='lat' dir='ltr'><strong>const.</strong></span> <span class='ocrx_word' id='word_1_140' title='bbox 347 2116 390 2181; x_wconf 91' lang='lat' dir='ltr'><strong>Il.</strong></span> <span class='ocrx_word' id='word_1_141' title='bbox 411 2116 472 2182; x_wconf 89' lang='lat' dir='ltr'><strong>IV.</strong></span> <span class='ocrx_word' id='word_1_142' title='bbox 491 2120 535 2181; x_wconf 79' lang='lat'><strong>20</strong></span> <span class='ocrx_word' id='word_1_143' title='bbox 551 2149 595 2164; x_wconf 89' lang='lat'><em>-</em></span> <span class='ocrx_word' id='word_1_144' title='bbox 611 2121 662 2180; x_wconf 77' lang='lat'><strong>22.</strong></span> <span class='ocrx_word' id='word_1_145' title='bbox 684 2111 799 2202; x_wconf 86' lang='lat' dir='ltr'><strong>(vigil.</strong></span> <span class='ocrx_word' id='word_1_146' title='bbox 821 2111 935 2175; x_wconf 81' lang='lat' dir='ltr'><strong>Consi.</strong></span> <span class='ocrx_word' id='word_1_147' title='bbox 952 2109 998 2173; x_wconf 79' lang='lat'><strong>&#39;21</strong></span> <span class='ocrx_word' id='word_1_148' title='bbox 1013 2100 1139 2188; x_wconf 75' lang='lat'><strong>——23.)</strong></span> <span class='ocrx_word' id='word_1_149' title='bbox 1175 2137 1181 2146; x_wconf 93' lang='lat'><em>·</em></span> 
     </span>
     <span class='ocr_line' id='line_1_20' title="bbox 97 2201 1401 2308; baseline -0.012 -26"><span class='ocrx_word' id='word_1_150' title='bbox 97 2241 173 2303; x_wconf 82' lang='lat' dir='ltr'><strong>„ex</strong></span> <span class='ocrx_word' id='word_1_151' title='bbox 195 2217 361 2308; x_wconf 85' lang='lat' dir='ltr'><strong>principio</strong></span> <span class='ocrx_word' id='word_1_152' title='bbox 383 2217 566 2283; x_wconf 87' lang='lat' dir='ltr'><strong>commenti</strong></span> <span class='ocrx_word' id='word_1_153' title='bbox 580 2215 625 2300; x_wconf 84' lang='lat'><strong>¹),</strong></span> <span class='ocrx_word' id='word_1_154' title='bbox 651 2215 741 2299; x_wconf 89' lang='lat' dir='ltr'><strong>quod</strong></span> <span class='ocrx_word' id='word_1_155' title='bbox 761 2214 797 2280; x_wconf 87' lang='lat' dir='ltr'><strong>in</strong></span> <span class='ocrx_word' id='word_1_156' title='bbox 811 2211 890 2279; x_wconf 85' lang='lat' dir='ltr'><strong>XII.</strong></span> <span class='ocrx_word' id='word_1_157' title='bbox 909 2207 1031 2299; x_wconf 85' lang='lat' dir='ltr'><strong>proph.</strong></span> <span class='ocrx_word' id='word_1_158' title='bbox 1052 2204 1150 2271; x_wconf 84' lang='lat' dir='ltr'><strong>aeri-¹</strong></span> <span class='ocrx_word' id='word_1_159' title='bbox 1288 2262 1294 2272; x_wconf 81' lang='grc'><em>,</em></span> <span class='ocrx_word' id='word_1_160' title='bbox 1336 2201 1340 2210; x_wconf 79' lang='grc'><em>’</em></span> <span class='ocrx_word' id='word_1_161' title='bbox 1393 2245 1401 2262; x_wconf 72' lang='grc'><strong>.</strong></span> 
     </span>
     <span class='ocr_line' id='line_1_21' title="bbox 95 2301 1244 2412; baseline -0.013 -27"><span class='ocrx_word' id='word_1_162' title='bbox 95 2321 217 2409; x_wconf 85' lang='lat' dir='ltr'><strong>psit—</strong></span> <span class='ocrx_word' id='word_1_163' title='bbox 232 2335 308 2412; x_wconf 89' lang='lat' dir='ltr'><strong>post</strong></span> <span class='ocrx_word' id='word_1_164' title='bbox 330 2319 393 2386; x_wconf 86' lang='lat' dir='ltr'><strong>alia</strong></span> <span class='ocrx_word' id='word_1_165' title='bbox 415 2307 520 2387; x_wconf 75' lang='lat' dir='ltr'><strong>infert</strong></span> <span class='ocrx_word' id='word_1_166' title='bbox 537 2356 580 2370; x_wconf 87' lang='lat'><strong>-</strong></span> <span class='ocrx_word' id='word_1_167' title='bbox 603 2329 677 2407; x_wconf 86' lang='lat' dir='ltr'><strong>post</strong></span> <span class='ocrx_word' id='word_1_168' title='bbox 700 2316 765 2382; x_wconf 84' lang='lat' dir='ltr'><strong>alia</strong></span> <span class='ocrx_word' id='word_1_169' title='bbox 780 2313 884 2380; x_wconf 80' lang='lat' dir='ltr'><strong>infert</strong></span> <span class='ocrx_word' id='word_1_170' title='bbox 893 2313 915 2349; x_wconf 88' lang='lat'><strong>“</strong></span> <span class='ocrx_word' id='word_1_171' title='bbox 937 2310 1142 2388; x_wconf 56' lang='lat' dir='ltr'><strong>offerentum</strong></span> <span class='ocrx_word' id='word_1_172' title='bbox 1242 2301 1244 2306; x_wconf 65' lang='grc'><strong>’</strong></span> 
     </span>
     <span class='ocr_line' id='line_1_22' title="bbox 96 2409 1138 2504; baseline -0.014 -16"><span class='ocrx_word' id='word_1_173' title='bbox 96 2423 133 2499; x_wconf 84' lang='lat' dir='ltr'><strong>in</strong></span> <span class='ocrx_word' id='word_1_174' title='bbox 161 2422 219 2488; x_wconf 90' lang='lat' dir='ltr'><strong>illo</strong></span> <span class='ocrx_word' id='word_1_175' title='bbox 250 2423 494 2488; x_wconf 83' lang='lat' dir='ltr'><strong>commentario</strong></span> <span class='ocrx_word' id='word_1_176' title='bbox 520 2445 590 2486; x_wconf 87' lang='lat' dir='ltr'><strong>non</strong></span> <span class='ocrx_word' id='word_1_177' title='bbox 615 2421 785 2504; x_wconf 85' lang='lat' dir='ltr'><strong>leguntur.</strong></span> <span class='ocrx_word' id='word_1_178' title='bbox 834 2409 1026 2477; x_wconf 76' lang='lat' dir='ltr'><strong>Sententiae</strong></span> <span class='ocrx_word' id='word_1_179' title='bbox 1048 2418 1138 2474; x_wconf 82' lang='lat' dir='ltr'><strong>certe</strong></span> 
     </span>
     <span class='ocr_line' id='line_1_23' title="bbox 98 2505 1167 2610; baseline -0.018 -18"><span class='ocrx_word' id='word_1_180' title='bbox 98 2546 179 2610; x_wconf 82' lang='lat' dir='ltr'><strong>quae</strong></span> <span class='ocrx_word' id='word_1_181' title='bbox 201 2525 375 2590; x_wconf 87' lang='lat' dir='ltr'><strong>eontinent</strong></span> <span class='ocrx_word' id='word_1_182' title='bbox 394 2522 594 2589; x_wconf 84' lang='lat' dir='ltr'><strong>theodoreae</strong></span> <span class='ocrx_word' id='word_1_183' title='bbox 608 2531 707 2602; x_wconf 82' lang='lat' dir='ltr'><strong>eunt,</strong></span> <span class='ocrx_word' id='word_1_184' title='bbox 732 2505 790 2584; x_wconf 77' lang='lat' dir='ltr'><strong>eed</strong></span> <span class='ocrx_word' id='word_1_185' title='bbox 803 2513 900 2580; x_wconf 83' lang='lat' dir='ltr'><strong>facile</strong></span> <span class='ocrx_word' id='word_1_186' title='bbox 917 2512 993 2579; x_wconf 83' lang='lat' dir='ltr'><strong>lieri</strong></span> <span class='ocrx_word' id='word_1_187' title='bbox 1008 2509 1137 2600; x_wconf 86' lang='lat' dir='ltr'><strong>potuit,</strong></span> <span class='ocrx_word' id='word_1_188' title='bbox 1163 2553 1167 2563; x_wconf 81' lang='lat'><em>,</em></span> 
     </span>
    </p>

    <p class='ocr_par' dir='ltr' id='par_1_7' title="bbox 94 2614 1236 3022">
     <span class='ocr_line' id='line_1_24' title="bbox 96 2614 1223 2708; baseline -0.02 -12"><span class='ocrx_word' id='word_1_189' title='bbox 96 2641 138 2697; x_wconf 86' lang='lat' dir='ltr'><strong>ut</strong></span> <span class='ocrx_word' id='word_1_190' title='bbox 158 2651 246 2696; x_wconf 86' lang='lat' dir='ltr'><strong>unua</strong></span> <span class='ocrx_word' id='word_1_191' title='bbox 277 2626 405 2693; x_wconf 77' lang='lat' dir='ltr'><strong>alterve</strong></span> <span class='ocrx_word' id='word_1_192' title='bbox 423 2625 607 2692; x_wconf 50' lang='lat' dir='ltr'><strong>‘Theodori</strong></span> <span class='ocrx_word' id='word_1_193' title='bbox 639 2623 726 2689; x_wconf 87' lang='lat' dir='ltr'><strong>liber</strong></span> <span class='ocrx_word' id='word_1_194' title='bbox 750 2643 814 2708; x_wconf 90' lang='lat' dir='ltr'><strong>pro</strong></span> <span class='ocrx_word' id='word_1_195' title='bbox 840 2617 945 2684; x_wconf 90' lang='lat' dir='ltr'><strong>altero</strong></span> <span class='ocrx_word' id='word_1_196' title='bbox 964 2614 1138 2680; x_wconf 75' lang='lat' dir='ltr'><strong>citaretur.</strong></span> <span class='ocrx_word' id='word_1_197' title='bbox 1214 2631 1223 2639; x_wconf 94' lang='lat'>·</span> 
     </span>
     <span class='ocr_line' id='line_1_25' title="bbox 94 2712 1236 2816; baseline -0.024 -17"><span class='ocrx_word' id='word_1_198' title='bbox 94 2733 170 2800; x_wconf 90' lang='lat' dir='ltr'><strong>Iam</strong></span> <span class='ocrx_word' id='word_1_199' title='bbox 197 2754 273 2797; x_wconf 90' lang='lat' dir='ltr'><strong>oum</strong></span> <span class='ocrx_word' id='word_1_200' title='bbox 301 2733 395 2796; x_wconf 81' lang='lat' dir='ltr'><strong>locus</strong></span> <span class='ocrx_word' id='word_1_201' title='bbox 416 2731 475 2816; x_wconf 79' lang='lat' dir='ltr'><strong>qiri</strong></span> <span class='ocrx_word' id='word_1_202' title='bbox 495 2730 532 2795; x_wconf 87' lang='lat' dir='ltr'><strong>in</strong></span> <span class='ocrx_word' id='word_1_203' title='bbox 553 2727 617 2791; x_wconf 86' lang='lat' dir='ltr'><strong>illis</strong></span> <span class='ocrx_word' id='word_1_204' title='bbox 640 2724 719 2791; x_wconf 82' lang='lat' dir='ltr'><strong>Aet.</strong></span> <span class='ocrx_word' id='word_1_205' title='bbox 739 2728 795 2790; x_wconf 76' lang='lat'><strong>23.</strong></span> <span class='ocrx_word' id='word_1_206' title='bbox 816 2715 989 2802; x_wconf 79' lang='lat' dir='ltr'><strong>sequitur,</strong></span> <span class='ocrx_word' id='word_1_207' title='bbox 1018 2712 1060 2777; x_wconf 88' lang='lat' dir='ltr'><strong>ad</strong></span> <span class='ocrx_word' id='word_1_208' title='bbox 1082 2712 1137 2782; x_wconf 87' lang='lat' dir='ltr'><strong>Pa.</strong></span> <span class='ocrx_word' id='word_1_209' title='bbox 1234 2787 1236 2792; x_wconf 23' lang='grc' dir='ltr'>Ι</span> 
     </span>
     <span class='ocr_line' id='line_1_26' title="bbox 94 2819 1171 2924; baseline -0.032 -18"><span class='ocrx_word' id='word_1_210' title='bbox 94 2825 197 2906; x_wconf 82' lang='lat' dir='ltr'><strong>XXI.</strong></span> <span class='ocrx_word' id='word_1_211' title='bbox 219 2831 401 2924; x_wconf 82' lang='lat' dir='ltr'><strong>pertineat,</strong></span> <span class='ocrx_word' id='word_1_212' title='bbox 427 2819 600 2920; x_wconf 74' lang='lat' dir='ltr'><strong>probabile</strong></span> <span class='ocrx_word' id='word_1_213' title='bbox 627 2825 693 2894; x_wconf 87' lang='lat' dir='ltr'><strong>tria</strong></span> <span class='ocrx_word' id='word_1_214' title='bbox 719 2824 779 2891; x_wconf 91' lang='lat' dir='ltr'><strong>illa</strong></span> <span class='ocrx_word' id='word_1_215' title='bbox 806 2824 880 2889; x_wconf 84' lang='lat' dir='ltr'><strong>looe</strong></span> <span class='ocrx_word' id='word_1_216' title='bbox 907 2841 926 2883; x_wconf 89' lang='lat' dir='ltr'><strong>e</strong></span> <span class='ocrx_word' id='word_1_217' title='bbox 959 2819 1137 2882; x_wconf 83' lang='lat' dir='ltr'><strong>commen·</strong></span> <span class='ocrx_word' id='word_1_218' title='bbox 1168 2867 1171 2872; x_wconf 90' lang='lat'><strong>.</strong></span> 
     </span>
     <span class='ocr_line' id='line_1_27' title="bbox 95 2915 1210 3022; baseline -0.028 -11"><span class='ocrx_word' id='word_1_219' title='bbox 95 2945 182 3011; x_wconf 88' lang='lat' dir='ltr'><strong>tario</strong></span> <span class='ocrx_word' id='word_1_220' title='bbox 206 2941 245 3008; x_wconf 87' lang='lat' dir='ltr'><strong>in</strong></span> <span class='ocrx_word' id='word_1_221' title='bbox 265 2935 320 3006; x_wconf 75' lang='lat' dir='ltr'><strong>Pet</strong></span> <span class='ocrx_word' id='word_1_222' title='bbox 342 2947 376 3002; x_wconf 88' lang='lat' dir='ltr'><strong>et</strong></span> <span class='ocrx_word' id='word_1_223' title='bbox 401 2934 534 3022; x_wconf 84' lang='lat' dir='ltr'><strong>quidem</strong></span> <span class='ocrx_word' id='word_1_224' title='bbox 557 2949 602 2998; x_wconf 78' lang='lat' dir='ltr'><strong>ex</strong></span> <span class='ocrx_word' id='word_1_225' title='bbox 622 2929 693 2996; x_wconf 82' lang='lat' dir='ltr'><strong>eius</strong></span> <span class='ocrx_word' id='word_1_226' title='bbox 711 2923 878 3018; x_wconf 85' lang='lat' dir='ltr'><strong>principio</strong></span> <span class='ocrx_word' id='word_1_227' title='bbox 895 2918 928 3010; x_wconf 82' lang='lat'><strong>²)</strong></span> <span class='ocrx_word' id='word_1_228' title='bbox 957 2915 1136 3008; x_wconf 84' lang='lat' dir='ltr'><strong>depromta</strong></span> <span class='ocrx_word' id='word_1_229' title='bbox 1198 2965 1210 3002; x_wconf 60' lang='lat' dir='ltr'><strong>a</strong></span> 
     </span>
    </p>
   </div>
   <div class='ocr_carea' id='block_1_3' title="bbox 100 3129 302 3151">
    <p class='ocr_par' dir='ltr' id='par_1_8' title="bbox 100 3129 302 3151">
     <span class='ocr_line' id='line_1_28' title="bbox 100 3129 302 3151; baseline -0.04 0"><span class='ocrx_word' id='word_1_230' title='bbox 100 3129 302 3151; x_wconf 58' lang='grc' dir='ltr'><strong>Μ</strong></span> 
     </span>
    </p>
   </div>
   <div class='ocr_carea' id='block_1_4' title="bbox 144 3234 1274 3752">
    <p class='ocr_par' dir='ltr' id='par_1_9' title="bbox 148 3234 1137 3414">
     <span class='ocr_line' id='line_1_29' title="bbox 148 3234 1135 3334; baseline -0.032 -16"><span class='ocrx_word' id='word_1_231' title='bbox 148 3263 180 3334; x_wconf 90' lang='grc'><strong>1)</strong></span> <span class='ocrx_word' id='word_1_232' title='bbox 196 3261 262 3316; x_wconf 81' lang='lat' dir='ltr'><strong>Voe.</strong></span> <span class='ocrx_word' id='word_1_233' title='bbox 282 3263 528 3314; x_wconf 82' lang='lat' dir='ltr'><strong>commentum,</strong></span> <span class='ocrx_word' id='word_1_234' title='bbox 546 3251 621 3322; x_wconf 87' lang='lat' dir='ltr'><strong>quod</strong></span> <span class='ocrx_word' id='word_1_235' title='bbox 637 3252 666 3303; x_wconf 75' lang='lat' dir='ltr'><strong>in</strong></span> <span class='ocrx_word' id='word_1_236' title='bbox 682 3250 741 3303; x_wconf 78' lang='lat' dir='ltr'><strong>Aet.</strong></span> <span class='ocrx_word' id='word_1_237' title='bbox 763 3245 846 3300; x_wconf 81' lang='lat' dir='ltr'><strong>Cone.</strong></span> <span class='ocrx_word' id='word_1_238' title='bbox 866 3235 1011 3294; x_wconf 83' lang='lat' dir='ltr'><strong>Conet.11·</strong></span> <span class='ocrx_word' id='word_1_239' title='bbox 1030 3234 1135 3312; x_wconf 65' lang='lat' dir='ltr'><strong>saepire</strong></span> 
     </span>
     <span class='ocr_line' id='line_1_30' title="bbox 200 3316 1137 3414; baseline -0.033 -14"><span class='ocrx_word' id='word_1_240' title='bbox 200 3342 298 3414; x_wconf 73' lang='lat' dir='ltr'><strong>legitur</strong></span> <span class='ocrx_word' id='word_1_241' title='bbox 318 3339 395 3394; x_wconf 68' lang='lat' dir='ltr'><strong>Maio</strong></span> <span class='ocrx_word' id='word_1_242' title='bbox 418 3338 508 3393; x_wconf 81' lang='lat' dir='ltr'><strong>iudice</strong></span> <span class='ocrx_word' id='word_1_243' title='bbox 533 3335 551 3389; x_wconf 84' lang='lat' dir='ltr'><strong>l.</strong></span> <span class='ocrx_word' id='word_1_244' title='bbox 577 3335 596 3388; x_wconf 92' lang='lat' dir='ltr'><strong>l.</strong></span> <span class='ocrx_word' id='word_1_245' title='bbox 623 3334 671 3388; x_wconf 91' lang='lat' dir='ltr'><strong>Vl.</strong></span> <span class='ocrx_word' id='word_1_246' title='bbox 694 3353 723 3405; x_wconf 87' lang='lat' dir='ltr'><strong>p.</strong></span> <span class='ocrx_word' id='word_1_247' title='bbox 741 3331 791 3384; x_wconf 81' lang='lat' dir='ltr'><strong>xl.</strong></span> <span class='ocrx_word' id='word_1_248' title='bbox 810 3325 922 3388; x_wconf 73' lang='lat' dir='ltr'><strong>librario</strong></span> <span class='ocrx_word' id='word_1_249' title='bbox 939 3321 1063 3379; x_wconf 80' lang='lat' dir='ltr'><strong>debetur,</strong></span> <span class='ocrx_word' id='word_1_250' title='bbox 1086 3316 1137 3390; x_wconf 88' lang='lat' dir='ltr'><strong>qui</strong></span> 
     </span>
    </p>

    <p class='ocr_par' dir='ltr' id='par_1_10' title="bbox 144 3401 1274 3752">
     <span class='ocr_line' id='line_1_31' title="bbox 144 3401 1173 3494; baseline -0.033 -8"><span class='ocrx_word' id='word_1_251' title='bbox 144 3467 146 3476; x_wconf 55' lang='grc' dir='ltr'>ι</span> <span class='ocrx_word' id='word_1_252' title='bbox 171 3427 255 3484; x_wconf 84' lang='lat' dir='ltr'><strong>&#39;non</strong></span> <span class='ocrx_word' id='word_1_253' title='bbox 272 3423 427 3480; x_wconf 82' lang='lat' dir='ltr'><strong>intellexerit</strong></span> <span class='ocrx_word' id='word_1_254' title='bbox 445 3422 545 3478; x_wconf 80' lang='lat' dir='ltr'><strong>litterae</strong></span> <span class='ocrx_word' id='word_1_255' title='bbox 562 3419 752 3494; x_wconf 80' lang='lat' dir='ltr'><strong>compendium</strong></span> <span class='ocrx_word' id='word_1_256' title='bbox 770 3433 834 3470; x_wconf 87' lang='lat' dir='ltr'><strong>cum</strong></span> <span class='ocrx_word' id='word_1_257' title='bbox 847 3408 1014 3484; x_wconf 73' lang='lat' dir='ltr'><strong>superposite</strong></span> <span class='ocrx_word' id='word_1_258' title='bbox 1027 3401 1134 3460; x_wconf 78' lang='lat' dir='ltr'><strong>lineola.</strong></span> <span class='ocrx_word' id='word_1_259' title='bbox 1151 3413 1173 3474; x_wconf 22' lang='grc' dir='ltr'><strong>Ι·</strong></span> 
     </span>
     <span class='ocr_line' id='line_1_32' title="bbox 199 3488 1274 3577; baseline -0.031 -9"><span class='ocrx_word' id='word_1_260' title='bbox 199 3514 300 3568; x_wconf 78' lang='lat' dir='ltr'><strong>Contra</strong></span> <span class='ocrx_word' id='word_1_261' title='bbox 326 3507 396 3564; x_wconf 76' lang='lat' dir='ltr'><strong>Vter.</strong></span> <span class='ocrx_word' id='word_1_262' title='bbox 422 3508 454 3564; x_wconf 88' lang='lat' dir='ltr'><strong>de</strong></span> <span class='ocrx_word' id='word_1_263' title='bbox 477 3507 583 3577; x_wconf 74' lang='lat' dir='ltr'><strong>Wegn.</strong></span> <span class='ocrx_word' id='word_1_264' title='bbox 608 3507 627 3559; x_wconf 92' lang='lat' dir='ltr'><strong>l.</strong></span> <span class='ocrx_word' id='word_1_265' title='bbox 645 3507 664 3565; x_wconf 86' lang='lat' dir='ltr'><strong>l.</strong></span> <span class='ocrx_word' id='word_1_266' title='bbox 690 3524 718 3576; x_wconf 87' lang='lat' dir='ltr'><strong>p.</strong></span> <span class='ocrx_word' id='word_1_267' title='bbox 738 3499 814 3555; x_wconf 88' lang='lat' dir='ltr'><strong>XVI.</strong></span> <span class='ocrx_word' id='word_1_268' title='bbox 838 3488 1134 3552; x_wconf 81' lang='lat' dir='ltr'><strong>commentarium</strong></span> <span class='ocrx_word' id='word_1_269' title='bbox 1175 3529 1177 3532; x_wconf 92' lang='lat'><strong>.</strong></span> <span class='ocrx_word' id='word_1_270' title='bbox 1218 3515 1221 3525; x_wconf 80' lang='lat'>=</span> <span class='ocrx_word' id='word_1_271' title='bbox 1271 3513 1274 3518; x_wconf 93' lang='lat'>·</span> 
     </span>
     <span class='ocr_line' id='line_1_33' title="bbox 196 3571 1228 3667; baseline -0.027 -15"><span class='ocrx_word' id='word_1_272' title='bbox 196 3599 247 3652; x_wconf 78' lang='lat' dir='ltr'><strong>leri</strong></span> <span class='ocrx_word' id='word_1_273' title='bbox 264 3587 370 3667; x_wconf 81' lang='lat' dir='ltr'><strong>ingenii</strong></span> <span class='ocrx_word' id='word_1_274' title='bbox 388 3591 451 3646; x_wconf 81' lang='lat' dir='ltr'><strong>lusu</strong></span> <span class='ocrx_word' id='word_1_275' title='bbox 474 3593 502 3645; x_wconf 88' lang='lat' dir='ltr'><strong>in</strong></span> <span class='ocrx_word' id='word_1_276' title='bbox 526 3599 759 3645; x_wconf 83' lang='lat' dir='ltr'><strong>commentum</strong></span> <span class='ocrx_word' id='word_1_277' title='bbox 782 3581 923 3659; x_wconf 74' lang='lat' dir='ltr'><strong>opprobrii</strong></span> <span class='ocrx_word' id='word_1_278' title='bbox 947 3571 1025 3633; x_wconf 69' lang='lat' dir='ltr'><strong>cauea</strong></span> <span class='ocrx_word' id='word_1_279' title='bbox 1044 3583 1133 3628; x_wconf 76' lang='lat' dir='ltr'><strong>muta-</strong></span> <span class='ocrx_word' id='word_1_280' title='bbox 1226 3613 1228 3625; x_wconf 81' lang='lat'><strong>.</strong></span> 
     </span>
     <span class='ocr_line' id='line_1_34' title="bbox 198 3657 1136 3752; baseline -0.031 -16"><span class='ocrx_word' id='word_1_281' title='bbox 198 3695 256 3736; x_wconf 88' lang='lat' dir='ltr'><strong>turn</strong></span> <span class='ocrx_word' id='word_1_282' title='bbox 285 3699 340 3734; x_wconf 79' lang='lat' dir='ltr'><strong>eoae</strong></span> <span class='ocrx_word' id='word_1_283' title='bbox 369 3679 505 3752; x_wconf 86' lang='lat' dir='ltr'><strong>opinatur.</strong></span> <span class='ocrx_word' id='word_1_284' title='bbox 538 3674 612 3728; x_wconf 79' lang='lat' dir='ltr'><strong>Male</strong></span> <span class='ocrx_word' id='word_1_285' title='bbox 643 3683 764 3744; x_wconf 84' lang='lat' dir='ltr'><strong>uterque.</strong></span> <span class='ocrx_word' id='word_1_286' title='bbox 809 3669 1001 3722; x_wconf 80' lang='lat' dir='ltr'><strong>commentum</strong></span> <span class='ocrx_word' id='word_1_287' title='bbox 1023 3657 1136 3712; x_wconf 77' lang='lat' dir='ltr'><strong>aerioeie</strong></span> 
     </span>
    </p>
   </div>
   <div class='ocr_carea' id='block_1_5' title="bbox 175 3747 1133 3918">
    <p class='ocr_par' dir='ltr' id='par_1_11' title="bbox 175 3747 1133 3918">
     <span class='ocr_line' id='line_1_35' title="bbox 175 3747 1133 3837; baseline -0.034 -15"><span class='ocrx_word' id='word_1_288' title='bbox 175 3763 326 3837; x_wconf 76' lang='lat' dir='ltr'><strong>‚temporie</strong></span> <span class='ocrx_word' id='word_1_289' title='bbox 342 3762 503 3818; x_wconf 74' lang='lat' dir='ltr'><strong>vocabulum</strong></span> <span class='ocrx_word' id='word_1_290' title='bbox 521 3769 573 3819; x_wconf 78' lang='lat' dir='ltr'><strong>est,</strong></span> <span class='ocrx_word' id='word_1_291' title='bbox 595 3777 650 3828; x_wconf 91' lang='lat' dir='ltr'><strong>quo</strong></span> <span class='ocrx_word' id='word_1_292' title='bbox 667 3777 692 3808; x_wconf 86' lang='lat' dir='ltr'><strong>v.</strong></span> <span class='ocrx_word' id='word_1_293' title='bbox 711 3777 734 3811; x_wconf 89' lang='lat' dir='ltr'><strong>c.</strong></span> <span class='ocrx_word' id='word_1_294' title='bbox 751 3757 808 3826; x_wconf 88' lang='lat' dir='ltr'><strong>ipae</strong></span> <span class='ocrx_word' id='word_1_295' title='bbox 823 3753 885 3805; x_wconf 83' lang='lat' dir='ltr'><strong>Fae·</strong></span> <span class='ocrx_word' id='word_1_296' title='bbox 907 3753 933 3812; x_wconf 81' lang='grc'><strong>3,</strong></span> <span class='ocrx_word' id='word_1_297' title='bbox 954 3748 981 3799; x_wconf 93' lang='grc'><strong>6.</strong></span> <span class='ocrx_word' id='word_1_298' title='bbox 998 3761 1066 3794; x_wconf 77' lang='lat' dir='ltr'><strong>uene</strong></span> <span class='ocrx_word' id='word_1_299' title='bbox 1083 3747 1133 3791; x_wconf 83' lang='lat' dir='ltr'><strong>est.</strong></span> 
     </span>
     <span class='ocr_line' id='line_1_36' title="bbox 188 3823 1133 3918; baseline -0.031 -14"><span class='ocrx_word' id='word_1_300' title='bbox 188 3849 342 3918; x_wconf 82' lang='lat' dir='ltr'><strong>·Pompeiua</strong></span> <span class='ocrx_word' id='word_1_301' title='bbox 365 3837 598 3903; x_wconf 79' lang='lat' dir='ltr'><strong>commentum</strong></span> <span class='ocrx_word' id='word_1_302' title='bbox 622 3840 686 3910; x_wconf 76' lang='lat' dir='ltr'><strong>artie</strong></span> <span class='ocrx_word' id='word_1_303' title='bbox 709 3838 809 3892; x_wconf 78' lang='lat' dir='ltr'><strong>Donati</strong></span> <span class='ocrx_word' id='word_1_304' title='bbox 824 3833 875 3903; x_wconf 88' lang='lat' dir='ltr'><strong>(ed.</strong></span> <span class='ocrx_word' id='word_1_305' title='bbox 893 3831 939 3884; x_wconf 80' lang='lat' dir='ltr'><strong>Fr.</strong></span> <span class='ocrx_word' id='word_1_306' title='bbox 955 3823 1133 3880; x_wconf 80' lang='lat' dir='ltr'><strong>Lindemann.</strong></span> 
     </span>
    </p>
   </div>
   <div class='ocr_carea' id='block_1_6' title="bbox 148 3905 1264 4275">
    <p class='ocr_par' dir='ltr' id='par_1_12' title="bbox 148 3905 1264 4275">
     <span class='ocr_line' id='line_1_37' title="bbox 198 3905 1131 4006; baseline -0.036 -12"><span class='ocrx_word' id='word_1_307' title='bbox 198 3935 274 4006; x_wconf 73' lang='lat' dir='ltr'><strong>Lips-</strong></span> <span class='ocrx_word' id='word_1_308' title='bbox 301 3935 376 3988; x_wconf 77' lang='lat'><strong>1820.</strong></span> <span class='ocrx_word' id='word_1_309' title='bbox 399 3936 443 4004; x_wconf 68' lang='grc'><strong>8.)»</strong></span> <span class='ocrx_word' id='word_1_310' title='bbox 458 3929 575 4004; x_wconf 74' lang='lat' dir='ltr'><strong>scripsit.</strong></span> <span class='ocrx_word' id='word_1_311' title='bbox 622 3924 726 3980; x_wconf 86' lang='lat' dir='ltr'><strong>Exatitit</strong></span> <span class='ocrx_word' id='word_1_312' title='bbox 748 3941 778 3974; x_wconf 80' lang='lat' dir='ltr'><strong>ex</strong></span> <span class='ocrx_word' id='word_1_313' title='bbox 800 3919 847 3973; x_wconf 83' lang='lat' dir='ltr'><strong>illa</strong></span> <span class='ocrx_word' id='word_1_314' title='bbox 869 3931 933 3971; x_wconf 75' lang='lat' dir='ltr'><strong>vore</strong></span> <span class='ocrx_word' id='word_1_315' title='bbox 956 3909 1087 3965; x_wconf 79' lang='lat' dir='ltr'><strong>Italorum</strong></span> <span class='ocrx_word' id='word_1_316' title='bbox 1110 3905 1131 3961; x_wconf 91' lang='lat' dir='ltr'><strong>il</strong></span> 
     </span>
     <span class='ocr_line' id='line_1_38' title="bbox 169 4027 808 4087; baseline -0.055 -9"><span class='ocrx_word' id='word_1_317' title='bbox 169 4027 358 4075; x_wconf 71' lang='lat' dir='ltr'><strong>‘commeate</strong></span> <span class='ocrx_word' id='word_1_318' title='bbox 735 4070 738 4085; x_wconf 28' lang='lat'><em>‹</em></span> <span class='ocrx_word' id='word_1_319' title='bbox 799 4073 808 4087; x_wconf 45' lang='grc' dir='ltr'><em>Ι</em></span> 
     </span>
     <span class='ocr_line' id='line_1_39' title="bbox 148 4085 1264 4192; baseline -0.053 1"><span class='ocrx_word' id='word_1_320' title='bbox 148 4123 177 4192; x_wconf 72' lang='lat'><strong>2)</strong></span> <span class='ocrx_word' id='word_1_321' title='bbox 191 4117 340 4172; x_wconf 62' lang='lat' dir='ltr'><strong>ClLfflnl·</strong></span> <span class='ocrx_word' id='word_1_322' title='bbox 353 4116 373 4171; x_wconf 80' lang='lat' dir='ltr'><strong>l·</strong></span> <span class='ocrx_word' id='word_1_323' title='bbox 382 4127 409 4171; x_wconf 76' lang='lat' dir='ltr'><strong>c:</strong></span> <span class='ocrx_word' id='word_1_324' title='bbox 419 4137 447 4190; x_wconf 84' lang='lat' dir='ltr'><strong>p.</strong></span> <span class='ocrx_word' id='word_1_325' title='bbox 459 4117 521 4172; x_wconf 82' lang='grc'><strong>690.</strong></span> <span class='ocrx_word' id='word_1_326' title='bbox 536 4121 633 4182; x_wconf 84' lang='lat' dir='ltr'><strong>‚,-et</strong></span> <span class='ocrx_word' id='word_1_327' title='bbox 643 4085 902 4186; x_wconf 70' lang='lat' dir='ltr'><strong>praemeditationem</strong></span> <span class='ocrx_word' id='word_1_328' title='bbox 916 4085 1156 4182; x_wconf 37' lang='lat' dir='ltr'><strong>encaemntemin.</strong></span> <span class='ocrx_word' id='word_1_329' title='bbox 1203 4088 1213 4122; x_wconf 76' lang='lat'><strong>&#39;-</strong></span> <span class='ocrx_word' id='word_1_330' title='bbox 1260 4098 1264 4108; x_wconf 74' lang='grc'><em>’</em></span> 
     </span>
     <span class='ocr_line' id='line_1_40' title="bbox 201 4171 1131 4275; baseline -0.058 7"><span class='ocrx_word' id='word_1_331' title='bbox 201 4221 225 4263; x_wconf 81' lang='lat'><strong>⁸·</strong></span> <span class='ocrx_word' id='word_1_332' title='bbox 241 4201 301 4262; x_wconf 51' lang='grc' dir='ltr'><strong>ΡΨ</strong></span> <span class='ocrx_word' id='word_1_333' title='bbox 323 4201 399 4275; x_wconf 70' lang='lat' dir='ltr'><strong>(ovd.</strong></span> <span class='ocrx_word' id='word_1_334' title='bbox 416 4207 482 4259; x_wconf 70' lang='lat' dir='ltr'><strong>retr</strong></span> <span class='ocrx_word' id='word_1_335' title='bbox 505 4199 556 4270; x_wconf 70' lang='grc' dir='ltr'><strong>τὴν</strong></span> <span class='ocrx_word' id='word_1_336' title='bbox 573 4183 647 4257; x_wconf 69' lang='lat' dir='ltr'><strong>uerit</strong></span> <span class='ocrx_word' id='word_1_337' title='bbox 662 4191 719 4254; x_wconf 73' lang='lat' dir='ltr'><strong>noir</strong></span> <span class='ocrx_word' id='word_1_338' title='bbox 734 4185 814 4266; x_wconf 64' lang='grc' dir='ltr'><strong>ἀρῶν</strong></span> <span class='ocrx_word' id='word_1_339' title='bbox 829 4181 947 4264; x_wconf 66' lang='grc' dir='ltr'><strong><em>ψαλμῶν</em></strong></span> <span class='ocrx_word' id='word_1_340' title='bbox 962 4171 1131 4258; x_wconf 74' lang='lat' dir='ltr'><strong>ropionoeie</strong></span> 
     </span>
    </p>
   </div>
   <div class='ocr_carea' id='block_1_7' title="bbox 0 0 1474 5240">
    <p class='ocr_par' dir='ltr' id='par_1_13' title="bbox 0 0 1474 5240">
     <span class='ocr_line' id='line_1_41' title="bbox 0 0 1474 5240; baseline 0 5"><span class='ocrx_word' id='word_1_341' title='bbox 0 0 1474 5240; x_wconf 95' lang='lat' dir='ltr'><strong> </strong></span> 
     </span>
    </p>
   </div>
  </div>
 </body>
</html>
