<?xml version="1.0" encoding="UTF-8"?>
<!DOCTYPE html PUBLIC "-//W3C//DTD XHTML 1.0 Transitional//EN"
    "http://www.w3.org/TR/xhtml1/DTD/xhtml1-transitional.dtd">
<html xmlns="http://www.w3.org/1999/xhtml" xml:lang="en" lang="en">
 <head>
  <title>
</title>
<meta http-equiv="Content-Type" content="text/html;charset=utf-8" />
  <meta name='ocr-system' content='tesseract 3.04.00' />
  <meta name='ocr-capabilities' content='ocr_page ocr_carea ocr_par ocr_line ocrx_word'/>
</head>
<body>
  <div class='ocr_page' id='page_1' title='image "./detheodorimopsv00fritgoog_0028.png"; bbox 0 0 2938 5240; ppageno 0'>
   <div class='ocr_carea' id='block_1_1' title="bbox 303 477 348 548">
    <p class='ocr_par' dir='ltr' id='par_1_1' title="bbox 303 477 348 548">
     <span class='ocr_line' id='line_1_1' title="bbox 303 477 348 548; baseline 0 0"><span class='ocrx_word' id='word_1_1' title='bbox 303 477 348 548; x_wconf 83' lang='lat'><strong>12</strong></span> 
     </span>
    </p>
   </div>
   <div class='ocr_carea' id='block_1_2' title="bbox 244 634 1399 1062">
    <p class='ocr_par' dir='ltr' id='par_1_2' title="bbox 304 634 1343 757">
     <span class='ocr_line' id='line_1_2' title="bbox 304 634 1343 757; baseline -0.006 -25"><span class='ocrx_word' id='word_1_2' title='bbox 304 665 380 757; x_wconf 90' lang='lat' dir='ltr'><strong>pio,</strong></span> <span class='ocrx_word' id='word_1_3' title='bbox 400 634 626 751; x_wconf 72' lang='lat' dir='ltr'><strong>Mopsuestiae</strong></span> <span class='ocrx_word' id='word_1_4' title='bbox 641 657 674 746; x_wconf 86' lang='lat'><strong>¹)</strong></span> <span class='ocrx_word' id='word_1_5' title='bbox 695 653 862 749; x_wconf 84' lang='lat' dir='ltr'><strong>episcopo.</strong></span> <span class='ocrx_word' id='word_1_6' title='bbox 906 657 1112 748; x_wconf 78' lang='lat' dir='ltr'><strong>Episcopatu</strong></span> <span class='ocrx_word' id='word_1_7' title='bbox 1132 663 1244 724; x_wconf 74' lang='lat' dir='ltr'><strong>autem</strong></span> <span class='ocrx_word' id='word_1_8' title='bbox 1265 675 1343 726; x_wconf 79' lang='lat' dir='ltr'><strong>cnm</strong></span> 
     </span>
    </p>

    <p class='ocr_par' dir='ltr' id='par_1_3' title="bbox 244 762 1399 1062">
     <span class='ocr_line' id='line_1_3' title="bbox 244 762 1344 856; baseline 0 -28"><span class='ocrx_word' id='word_1_9' title='bbox 244 815 247 828; x_wconf 88' lang='lat'><strong>.</strong></span> <span class='ocrx_word' id='word_1_10' title='bbox 306 769 433 856; x_wconf 84' lang='lat' dir='ltr'><strong>optime</strong></span> <span class='ocrx_word' id='word_1_11' title='bbox 460 765 659 851; x_wconf 82' lang='lat' dir='ltr'><strong>fungeretur</strong></span> <span class='ocrx_word' id='word_1_12' title='bbox 690 774 722 828; x_wconf 84' lang='lat' dir='ltr'><strong>et</strong></span> <span class='ocrx_word' id='word_1_13' title='bbox 748 762 879 850; x_wconf 80' lang='lat' dir='ltr'><strong>scriptis</strong></span> <span class='ocrx_word' id='word_1_14' title='bbox 900 785 1008 828; x_wconf 86' lang='lat' dir='ltr'><strong>sacras</strong></span> <span class='ocrx_word' id='word_1_15' title='bbox 1029 764 1140 827; x_wconf 79' lang='lat' dir='ltr'><strong>literas</strong></span> <span class='ocrx_word' id='word_1_16' title='bbox 1158 783 1344 850; x_wconf 71' lang='lat' dir='ltr'><strong>peraeque·-</strong></span> 
     </span>
     <span class='ocr_line' id='line_1_4' title="bbox 304 864 1399 954; baseline -0.004 -18"><span class='ocrx_word' id='word_1_17' title='bbox 304 882 413 954; x_wconf 82' lang='lat' dir='ltr'><strong>retur,</strong></span> <span class='ocrx_word' id='word_1_18' title='bbox 447 867 553 954; x_wconf 85' lang='lat' dir='ltr'><strong>magia</strong></span> <span class='ocrx_word' id='word_1_19' title='bbox 580 866 752 954; x_wconf 84' lang='lat' dir='ltr'><strong>magisque</strong></span> <span class='ocrx_word' id='word_1_20' title='bbox 781 864 948 954; x_wconf 81' lang='lat' dir='ltr'><strong>inclaruit.</strong></span> <span class='ocrx_word' id='word_1_21' title='bbox 1000 864 1150 931; x_wconf 85' lang='lat' dir='ltr'>Concilio</span> <span class='ocrx_word' id='word_1_22' title='bbox 1175 865 1366 932; x_wconf 84' lang='lat' dir='ltr'><strong>Constan·.</strong></span> <span class='ocrx_word' id='word_1_23' title='bbox 1395 895 1399 906; x_wconf 59' lang='grc'><em>’</em></span> 
     </span>
     <span class='ocr_line' id='line_1_5' title="bbox 304 967 1342 1062; baseline -0.007 -23"><span class='ocrx_word' id='word_1_24' title='bbox 304 971 548 1062; x_wconf 84' lang='lat' dir='ltr'><strong>tinopolitano,</strong></span> <span class='ocrx_word' id='word_1_25' title='bbox 588 969 678 1056; x_wconf 92' lang='lat' dir='ltr'><strong>qnod</strong></span> <span class='ocrx_word' id='word_1_26' title='bbox 719 993 748 1044; x_wconf 83' lang='lat' dir='ltr'><strong>a.</strong></span> <span class='ocrx_word' id='word_1_27' title='bbox 785 967 858 1036; x_wconf 78' lang='lat'><strong>394.</strong></span> <span class='ocrx_word' id='word_1_28' title='bbox 900 979 1044 1058; x_wconf 86' lang='lat' dir='ltr'><strong>proptor</strong></span> <span class='ocrx_word' id='word_1_29' title='bbox 1084 967 1180 1034; x_wconf 88' lang='lat' dir='ltr'><strong>litem</strong></span> <span class='ocrx_word' id='word_1_30' title='bbox 1219 967 1342 1056; x_wconf 85' lang='lat' dir='ltr'><strong>Agapii</strong></span> 
     </span>
    </p>
   </div>
   <div class='ocr_carea' id='block_1_3' title="bbox 306 1143 510 1160">
    <p class='ocr_par' dir='ltr' id='par_1_4' title="bbox 306 1143 510 1160">
     <span class='ocr_line' id='line_1_6' title="bbox 306 1143 510 1160; baseline -0.01 0"><span class='ocrx_word' id='word_1_31' title='bbox 306 1143 510 1160; x_wconf 49' lang='lat' dir='ltr'><em>m</em></span> 
     </span>
    </p>
   </div>
   <div class='ocr_carea' id='block_1_4' title="bbox 224 1253 1345 1604">
    <p class='ocr_par' dir='ltr' id='par_1_5' title="bbox 380 1253 1345 1332">
     <span class='ocr_line' id='line_1_7' title="bbox 380 1253 1345 1332; baseline -0.011 -13"><span class='ocrx_word' id='word_1_32' title='bbox 380 1259 448 1318; x_wconf 85' lang='lat' dir='ltr'><strong>¹ut·</strong></span> <span class='ocrx_word' id='word_1_33' title='bbox 461 1257 634 1323; x_wconf 87' lang='lat' dir='ltr'><strong>Diodorum,</strong></span> <span class='ocrx_word' id='word_1_34' title='bbox 647 1255 788 1312; x_wconf 85' lang='lat' dir='ltr'><strong>&#39;dilectum</strong></span> <span class='ocrx_word' id='word_1_35' title='bbox 801 1263 1028 1332; x_wconf 77' lang='lat' dir='ltr'><strong>praeceptorem,</strong></span> <span class='ocrx_word' id='word_1_36' title='bbox 1052 1255 1100 1328; x_wconf 89' lang='lat' dir='ltr'><strong>qui</strong></span> <span class='ocrx_word' id='word_1_37' title='bbox 1124 1275 1140 1312; x_wconf 87' lang='lat' dir='ltr'><strong>a</strong></span> <span class='ocrx_word' id='word_1_38' title='bbox 1163 1265 1250 1310; x_wconf 86' lang='lat' dir='ltr'><strong>morte</strong></span> <span class='ocrx_word' id='word_1_39' title='bbox 1274 1253 1345 1309; x_wconf 84' lang='lat' dir='ltr'><strong>hand</strong></span> 
     </span>
    </p>

    <p class='ocr_par' dir='ltr' id='par_1_6' title="bbox 224 1329 1344 1418">
     <span class='ocr_line' id='line_1_8' title="bbox 224 1329 1344 1418; baseline -0.004 -20"><span class='ocrx_word' id='word_1_40' title='bbox 224 1337 247 1394; x_wconf 48' lang='grc'><strong>“.</strong></span> <span class='ocrx_word' id='word_1_41' title='bbox 284 1387 288 1392; x_wconf 88' lang='lat'><strong>.</strong></span> <span class='ocrx_word' id='word_1_42' title='bbox 406 1344 507 1418; x_wconf 88' lang='lat' dir='ltr'><strong>procul</strong></span> <span class='ocrx_word' id='word_1_43' title='bbox 528 1344 644 1410; x_wconf 75' lang='lat' dir='ltr'><strong>abesset,</strong></span> <span class='ocrx_word' id='word_1_44' title='bbox 668 1329 810 1416; x_wconf 81' lang='lat' dir='ltr'><strong>episcopus</strong></span> <span class='ocrx_word' id='word_1_45' title='bbox 836 1341 983 1414; x_wconf 73' lang='lat' dir='ltr'>exciperet?</span> <span class='ocrx_word' id='word_1_46' title='bbox 1011 1341 1061 1394; x_wconf 76' lang='lat' dir='ltr'><strong>sed</strong></span> <span class='ocrx_word' id='word_1_47' title='bbox 1088 1341 1211 1395; x_wconf 83' lang='lat' dir='ltr'><strong>Diodoro</strong></span> <span class='ocrx_word' id='word_1_48' title='bbox 1235 1352 1344 1406; x_wconf 87' lang='lat' dir='ltr'><strong>mortuo</strong></span> 
     </span>
    </p>

    <p class='ocr_par' dir='ltr' id='par_1_7' title="bbox 407 1423 1345 1604">
     <span class='ocr_line' id='line_1_9' title="bbox 408 1423 1345 1500; baseline -0.006 -16"><span class='ocrx_word' id='word_1_49' title='bbox 408 1447 473 1484; x_wconf 87' lang='lat' dir='ltr'><strong>curn</strong></span> <span class='ocrx_word' id='word_1_50' title='bbox 496 1427 550 1482; x_wconf 88' lang='lat' dir='ltr'><strong>iam</strong></span> <span class='ocrx_word' id='word_1_51' title='bbox 576 1428 633 1499; x_wconf 87' lang='lat' dir='ltr'><strong>ipse</strong></span> <span class='ocrx_word' id='word_1_52' title='bbox 657 1427 801 1499; x_wconf 87' lang='lat' dir='ltr'><strong>episcopus</strong></span> <span class='ocrx_word' id='word_1_53' title='bbox 823 1435 906 1493; x_wconf 86' lang='lat' dir='ltr'><strong>esset,</strong></span> <span class='ocrx_word' id='word_1_54' title='bbox 929 1425 961 1479; x_wconf 87' lang='lat' dir='ltr'><strong>de</strong></span> <span class='ocrx_word' id='word_1_55' title='bbox 976 1426 1134 1500; x_wconf 86' lang='lat' dir='ltr'><strong>episcopatu</strong></span> <span class='ocrx_word' id='word_1_56' title='bbox 1151 1423 1278 1480; x_wconf 69' lang='lat' dir='ltr'><strong>Tarsenii</strong></span> <span class='ocrx_word' id='word_1_57' title='bbox 1293 1424 1345 1480; x_wconf 88' lang='lat' dir='ltr'><strong>sibi</strong></span> 
     </span>
     <span class='ocr_line' id='line_1_10' title="bbox 407 1511 807 1604; baseline 0 -39"><span class='ocrx_word' id='word_1_58' title='bbox 407 1511 574 1604; x_wconf 61' lang='lat' dir='ltr'><strong>acquirendo</strong></span> <span class='ocrx_word' id='word_1_59' title='bbox 591 1511 631 1564; x_wconf 84' lang='lat' dir='ltr'><strong>six</strong></span> <span class='ocrx_word' id='word_1_60' title='bbox 645 1511 807 1583; x_wconf 77' lang='lat' dir='ltr'><strong>cogitaverit.</strong></span> 
     </span>
    </p>
   </div>
   <div class='ocr_carea' id='block_1_5' title="bbox 354 1622 1458 2548">
    <p class='ocr_par' dir='ltr' id='par_1_8' title="bbox 354 1622 1345 1700">
     <span class='ocr_line' id='line_1_11' title="bbox 354 1622 1345 1700; baseline -0.006 -16"><span class='ocrx_word' id='word_1_61' title='bbox 354 1630 381 1698; x_wconf 90' lang='lat'><strong>1)</strong></span> <span class='ocrx_word' id='word_1_62' title='bbox 398 1625 560 1700; x_wconf 69' lang='lat' dir='ltr'><strong>Mopsuestia</strong></span> <span class='ocrx_word' id='word_1_63' title='bbox 584 1625 702 1696; x_wconf 78' lang='grc' dir='ltr'>(Μόψου</span> <span class='ocrx_word' id='word_1_64' title='bbox 727 1627 804 1684; x_wconf 74' lang='grc' dir='ltr'><em>ἑστία</em></span> <span class='ocrx_word' id='word_1_65' title='bbox 831 1627 881 1695; x_wconf 84' lang='lat' dir='ltr'><strong>[cl.</strong></span> <span class='ocrx_word' id='word_1_66' title='bbox 903 1626 1095 1684; x_wconf 71' lang='lat' dir='ltr'><strong>snau1tc.</strong></span> <span class='ocrx_word' id='word_1_67' title='bbox 1116 1629 1141 1684; x_wconf 84' lang='lat'><strong>5.</strong></span> <span class='ocrx_word' id='word_1_68' title='bbox 1178 1625 1234 1687; x_wconf 76' lang='lat' dir='ltr'><strong>Cic</strong></span> <span class='ocrx_word' id='word_1_69' title='bbox 1252 1643 1294 1696; x_wconf 79' lang='lat' dir='ltr'><strong>ep.</strong></span> <span class='ocrx_word' id='word_1_70' title='bbox 1310 1622 1345 1678; x_wconf 83' lang='lat' dir='ltr'><strong>arl</strong></span> 
     </span>
    </p>

    <p class='ocr_par' dir='ltr' id='par_1_9' title="bbox 377 1709 1453 1868">
     <span class='ocr_line' id='line_1_12' title="bbox 407 1709 1345 1784; baseline -0.003 -18"><span class='ocrx_word' id='word_1_71' title='bbox 407 1713 461 1766; x_wconf 86' lang='lat' dir='ltr'><strong>dis.</strong></span> <span class='ocrx_word' id='word_1_72' title='bbox 479 1715 506 1773; x_wconf 79' lang='grc'><strong>3,</strong></span> <span class='ocrx_word' id='word_1_73' title='bbox 523 1714 563 1782; x_wconf 83' lang='grc'><strong>8.]</strong></span> <span class='ocrx_word' id='word_1_74' title='bbox 588 1709 615 1764; x_wconf 89' lang='lat' dir='ltr'><strong>h.</strong></span> <span class='ocrx_word' id='word_1_75' title='bbox 641 1729 666 1764; x_wconf 89' lang='lat' dir='ltr'><strong>e.</strong></span> <span class='ocrx_word' id='word_1_76' title='bbox 689 1709 782 1784; x_wconf 86' lang='lat' dir='ltr'><strong>Mopsi</strong></span> <span class='ocrx_word' id='word_1_77' title='bbox 807 1712 990 1774; x_wconf 82' lang='lat' dir='ltr'><strong>domicilium,</strong></span> <span class='ocrx_word' id='word_1_78' title='bbox 1013 1712 1093 1766; x_wconf 86' lang='lat' dir='ltr'><strong>etiam</strong></span> <span class='ocrx_word' id='word_1_79' title='bbox 1113 1713 1226 1784; x_wconf 90' lang='lat' dir='ltr'><strong>Mopsos</strong></span> <span class='ocrx_word' id='word_1_80' title='bbox 1242 1709 1345 1774; x_wconf 76' lang='lat' dir='ltr'><strong>(lictum</strong></span> 
     </span>
     <span class='ocr_line' id='line_1_13' title="bbox 377 1795 1453 1868; baseline -0.006 -16"><span class='ocrx_word' id='word_1_81' title='bbox 377 1795 380 1803; x_wconf 48' lang='lat'><strong>⁴</strong></span> <span class='ocrx_word' id='word_1_82' title='bbox 407 1798 442 1853; x_wconf 85' lang='lat' dir='ltr'><strong>cl.</strong></span> <span class='ocrx_word' id='word_1_83' title='bbox 456 1797 529 1852; x_wconf 85' lang='lat' dir='ltr'><strong>Plio.</strong></span> <span class='ocrx_word' id='word_1_84' title='bbox 541 1796 567 1850; x_wconf 88' lang='lat' dir='ltr'><strong>h.</strong></span> <span class='ocrx_word' id='word_1_85' title='bbox 579 1815 607 1848; x_wconf 86' lang='lat' dir='ltr'><strong>n.</strong></span> <span class='ocrx_word' id='word_1_86' title='bbox 622 1795 653 1859; x_wconf 84' lang='lat'><strong>5,</strong></span> <span class='ocrx_word' id='word_1_87' title='bbox 670 1796 714 1848; x_wconf 90' lang='grc'><strong>22.</strong></span> <span class='ocrx_word' id='word_1_88' title='bbox 729 1799 799 1861; x_wconf 62' lang='grc'><strong>[22]</strong></span> <span class='ocrx_word' id='word_1_89' title='bbox 825 1799 960 1868; x_wconf 88' lang='lat' dir='ltr'><strong>„Mopsos</strong></span> <span class='ocrx_word' id='word_1_90' title='bbox 978 1797 1110 1857; x_wconf 84' lang='lat' dir='ltr'><strong>liberum,</strong></span> <span class='ocrx_word' id='word_1_91' title='bbox 1126 1797 1242 1866; x_wconf 80' lang='lat' dir='ltr'><strong>Pyramo</strong></span> <span class='ocrx_word' id='word_1_92' title='bbox 1260 1795 1346 1866; x_wconf 85' lang='lat' dir='ltr'><strong>impo·</strong></span> <span class='ocrx_word' id='word_1_93' title='bbox 1451 1817 1453 1834; x_wconf 66' lang='grc' dir='ltr'>ι</span> 
     </span>
    </p>

    <p class='ocr_par' dir='ltr' id='par_1_10' title="bbox 402 1863 1346 1952">
     <span class='ocr_line' id='line_1_14' title="bbox 402 1863 1346 1952; baseline -0.002 -18"><span class='ocrx_word' id='word_1_94' title='bbox 402 1882 519 1934; x_wconf 85' lang='lat' dir='ltr'><strong>situm.“</strong></span> <span class='ocrx_word' id='word_1_95' title='bbox 550 1863 656 1933; x_wconf 81' lang='lat' dir='ltr'><strong>Nonien</strong></span> <span class='ocrx_word' id='word_1_96' title='bbox 668 1879 912 1952; x_wconf 85' lang='lat' dir='ltr'><strong>accepitaMopso,</strong></span> <span class='ocrx_word' id='word_1_97' title='bbox 931 1879 1074 1944; x_wconf 83' lang='lat' dir='ltr'><strong>conditore,</strong></span> <span class='ocrx_word' id='word_1_98' title='bbox 1093 1897 1173 1952; x_wconf 85' lang='lat' dir='ltr'><strong>quens</strong></span> <span class='ocrx_word' id='word_1_99' title='bbox 1182 1878 1346 1946; x_wconf 77' lang='lat' dir='ltr'><strong>Argivorum</strong></span> 
     </span>
    </p>

    <p class='ocr_par' dir='ltr' id='par_1_11' title="bbox 362 1961 1345 2038">
     <span class='ocr_line' id='line_1_15' title="bbox 362 1961 1345 2038; baseline -0.002 -20"><span class='ocrx_word' id='word_1_100' title='bbox 362 1993 365 1998; x_wconf 93' lang='lat'>·</span> <span class='ocrx_word' id='word_1_101' title='bbox 404 1983 494 2038; x_wconf 81' lang='lat' dir='ltr'><strong>regem</strong></span> <span class='ocrx_word' id='word_1_102' title='bbox 517 1971 544 2016; x_wconf 81' lang='lat' dir='ltr'><strong>et</strong></span> <span class='ocrx_word' id='word_1_103' title='bbox 566 1962 745 2019; x_wconf 80' lang='lat' dir='ltr'><strong>clarissimum</strong></span> <span class='ocrx_word' id='word_1_104' title='bbox 767 1982 896 2036; x_wconf 85' lang='lat' dir='ltr'>augurem</span> <span class='ocrx_word' id='word_1_105' title='bbox 919 1964 1000 2018; x_wconf 82' lang='lat' dir='ltr'><strong>fuisse</strong></span> <span class='ocrx_word' id='word_1_106' title='bbox 1024 1963 1150 2017; x_wconf 77' lang='lat' dir='ltr'><strong>traditum</strong></span> <span class='ocrx_word' id='word_1_107' title='bbox 1173 1973 1212 2015; x_wconf 85' lang='lat' dir='ltr'><strong>est</strong></span> <span class='ocrx_word' id='word_1_108' title='bbox 1234 1961 1268 2017; x_wconf 82' lang='lat' dir='ltr'><strong>tf.</strong></span> <span class='ocrx_word' id='word_1_109' title='bbox 1287 1961 1345 2016; x_wconf 84' lang='lat' dir='ltr'><strong>Cic.</strong></span> 
     </span>
    </p>

    <p class='ocr_par' dir='ltr' id='par_1_12' title="bbox 394 2045 1458 2548">
     <span class='ocr_line' id='line_1_16' title="bbox 405 2045 1344 2126; baseline -0.004 -22"><span class='ocrx_word' id='word_1_110' title='bbox 405 2049 439 2104; x_wconf 88' lang='lat' dir='ltr'><strong>de</strong></span> <span class='ocrx_word' id='word_1_111' title='bbox 456 2049 562 2104; x_wconf 80' lang='lat' dir='ltr'><strong>divinat.</strong></span> <span class='ocrx_word' id='word_1_112' title='bbox 583 2051 608 2112; x_wconf 83' lang='lat'><strong>1,</strong></span> <span class='ocrx_word' id='word_1_113' title='bbox 626 2049 670 2102; x_wconf 87' lang='lat'><strong>40.</strong></span> <span class='ocrx_word' id='word_1_114' title='bbox 689 2045 721 2100; x_wconf 87' lang='lat' dir='ltr'><strong>de</strong></span> <span class='ocrx_word' id='word_1_115' title='bbox 736 2059 790 2108; x_wconf 86' lang='lat' dir='ltr'><strong>nat.</strong></span> <span class='ocrx_word' id='word_1_116' title='bbox 808 2049 880 2104; x_wconf 85' lang='lat' dir='ltr'><strong>deor.</strong></span> <span class='ocrx_word' id='word_1_117' title='bbox 896 2053 922 2112; x_wconf 89' lang='grc'><strong>2,</strong></span> <span class='ocrx_word' id='word_1_118' title='bbox 935 2052 960 2107; x_wconf 78' lang='lat'><strong>8.</strong></span> <span class='ocrx_word' id='word_1_119' title='bbox 990 2048 1013 2102; x_wconf 88' lang='grc' dir='ltr'><em>Τ</em></span> <span class='ocrx_word' id='word_1_120' title='bbox 1015 2047 1103 2126; x_wconf 84' lang='lat' dir='ltr'><strong>ertull.</strong></span> <span class='ocrx_word' id='word_1_121' title='bbox 1116 2046 1148 2100; x_wconf 87' lang='lat' dir='ltr'><strong>de</strong></span> <span class='ocrx_word' id='word_1_122' title='bbox 1160 2048 1248 2102; x_wconf 79' lang='lat' dir='ltr'><strong>anima</strong></span> <span class='ocrx_word' id='word_1_123' title='bbox 1261 2067 1285 2103; x_wconf 84' lang='lat' dir='ltr'><strong>c·</strong></span> <span class='ocrx_word' id='word_1_124' title='bbox 1299 2045 1344 2104; x_wconf 79' lang='lat'><strong>46.</strong></span> 
     </span>
     <span class='ocr_line' id='line_1_17' title="bbox 406 2131 1458 2208; baseline -0.001 -23"><span class='ocrx_word' id='word_1_125' title='bbox 406 2133 500 2196; x_wconf 86' lang='lat' dir='ltr'><strong>„Nam</strong></span> <span class='ocrx_word' id='word_1_126' title='bbox 526 2141 552 2184; x_wconf 87' lang='lat' dir='ltr'><strong>et</strong></span> <span class='ocrx_word' id='word_1_127' title='bbox 571 2131 701 2188; x_wconf 63' lang='lat' dir='ltr'><strong>ruracnlis</strong></span> <span class='ocrx_word' id='word_1_128' title='bbox 725 2132 778 2188; x_wconf 84' lang='lat' dir='ltr'><strong>lroc</strong></span> <span class='ocrx_word' id='word_1_129' title='bbox 804 2147 888 2204; x_wconf 76' lang='lat' dir='ltr'><strong>genus</strong></span> <span class='ocrx_word' id='word_1_130' title='bbox 907 2135 1020 2208; x_wconf 85' lang='lat' dir='ltr'><strong>stipatus</strong></span> <span class='ocrx_word' id='word_1_131' title='bbox 1040 2145 1078 2187; x_wconf 86' lang='lat' dir='ltr'><strong>est</strong></span> <span class='ocrx_word' id='word_1_132' title='bbox 1097 2133 1183 2195; x_wconf 90' lang='lat' dir='ltr'><strong>orbis,</strong></span> <span class='ocrx_word' id='word_1_133' title='bbox 1207 2143 1238 2186; x_wconf 86' lang='lat' dir='ltr'><strong>ut</strong></span> <span class='ocrx_word' id='word_1_134' title='bbox 1257 2162 1290 2176; x_wconf 92' lang='lat'>-</span> <span class='ocrx_word' id='word_1_135' title='bbox 1309 2159 1346 2172; x_wconf 89' lang='lat'>-</span> <span class='ocrx_word' id='word_1_136' title='bbox 1457 2133 1458 2184; x_wconf 69' lang='grc' dir='ltr'>ζ</span> 
     </span>
     <span class='ocr_line' id='line_1_18' title="bbox 394 2213 1458 2290; baseline 0.002 -22"><span class='ocrx_word' id='word_1_137' title='bbox 394 2213 498 2288; x_wconf 74' lang='lat' dir='ltr'><strong>&#39;Mopsi</strong></span> <span class='ocrx_word' id='word_1_138' title='bbox 519 2215 549 2269; x_wconf 90' lang='lat' dir='ltr'><strong>in</strong></span> <span class='ocrx_word' id='word_1_139' title='bbox 562 2215 696 2270; x_wconf 88' lang='lat' dir='ltr'><strong>Sicilia</strong></span> <span class='ocrx_word' id='word_1_140' title='bbox 713 2219 747 2290; x_wconf 74' lang='lat' dir='ltr'><strong>(l.</strong></span> <span class='ocrx_word' id='word_1_141' title='bbox 766 2219 876 2290; x_wconf 85' lang='lat' dir='ltr'><strong>Cilicia)</strong></span> <span class='ocrx_word' id='word_1_142' title='bbox 890 2251 925 2283; x_wconf 48' lang='grc' dir='ltr'><strong>--ι</strong></span> <span class='ocrx_word' id='word_1_143' title='bbox 936 2257 943 2274; x_wconf 91' lang='grc'><strong>.</strong></span> <span class='ocrx_word' id='word_1_144' title='bbox 953 2228 967 2252; x_wconf 88' lang='grc'><strong>“</strong></span> <span class='ocrx_word' id='word_1_145' title='bbox 1002 2217 1138 2273; x_wconf 84' lang='lat' dir='ltr'><strong>Nonnulla</strong></span> <span class='ocrx_word' id='word_1_146' title='bbox 1151 2218 1201 2272; x_wconf 90' lang='lat' dir='ltr'><strong>alia</strong></span> <span class='ocrx_word' id='word_1_147' title='bbox 1216 2218 1345 2289; x_wconf 73' lang='lat' dir='ltr'><strong>congessit</strong></span> <span class='ocrx_word' id='word_1_148' title='bbox 1457 2245 1458 2270; x_wconf 59' lang='lat' dir='ltr'><strong>r</strong></span> 
     </span>
     <span class='ocr_line' id='line_1_19' title="bbox 406 2299 1345 2378; baseline 0.002 -24"><span class='ocrx_word' id='word_1_149' title='bbox 406 2301 489 2356; x_wconf 86' lang='lat' dir='ltr'><strong>Henr.</strong></span> <span class='ocrx_word' id='word_1_150' title='bbox 505 2300 593 2356; x_wconf 87' lang='lat' dir='ltr'><strong>Noris.</strong></span> <span class='ocrx_word' id='word_1_151' title='bbox 615 2299 634 2358; x_wconf 93' lang='lat' dir='ltr'><strong>I.</strong></span> <span class='ocrx_word' id='word_1_152' title='bbox 649 2302 704 2356; x_wconf 91' lang='grc' dir='ltr'><strong>1.Ι.</strong></span> <span class='ocrx_word' id='word_1_153' title='bbox 723 2325 751 2378; x_wconf 89' lang='lat' dir='ltr'><strong>p.</strong></span> <span class='ocrx_word' id='word_1_154' title='bbox 766 2306 800 2360; x_wconf 81' lang='lat'><strong>84</strong></span> <span class='ocrx_word' id='word_1_155' title='bbox 813 2333 847 2347; x_wconf 88' lang='lat'>-</span> <span class='ocrx_word' id='word_1_156' title='bbox 859 2306 916 2378; x_wconf 83' lang='lat'><strong>86.)</strong></span> <span class='ocrx_word' id='word_1_157' title='bbox 934 2303 1044 2359; x_wconf 77' lang='lat' dir='ltr'><strong>celebris</strong></span> <span class='ocrx_word' id='word_1_158' title='bbox 1059 2305 1124 2357; x_wconf 91' lang='lat' dir='ltr'><strong>urbs</strong></span> <span class='ocrx_word' id='word_1_159' title='bbox 1138 2314 1194 2356; x_wconf 84' lang='lat' dir='ltr'><strong>erat</strong></span> <span class='ocrx_word' id='word_1_160' title='bbox 1207 2303 1236 2356; x_wconf 90' lang='lat' dir='ltr'><strong>in</strong></span> <span class='ocrx_word' id='word_1_161' title='bbox 1251 2301 1345 2357; x_wconf 85' lang='lat' dir='ltr'><strong>Cilicia</strong></span> 
     </span>
     <span class='ocr_line' id='line_1_20' title="bbox 407 2385 1458 2472; baseline -0.002 -29"><span class='ocrx_word' id='word_1_162' title='bbox 407 2385 533 2443; x_wconf 84' lang='lat' dir='ltr'><strong>secunda.</strong></span> <span class='ocrx_word' id='word_1_163' title='bbox 567 2387 672 2442; x_wconf 88' lang='lat' dir='ltr'><strong>Nomen</strong></span> <span class='ocrx_word' id='word_1_164' title='bbox 699 2390 773 2446; x_wconf 86' lang='lat' dir='ltr'><strong>urbis</strong></span> <span class='ocrx_word' id='word_1_165' title='bbox 794 2391 939 2462; x_wconf 76' lang='lat' dir='ltr'><strong>scriptores</strong></span> <span class='ocrx_word' id='word_1_166' title='bbox 960 2389 1096 2444; x_wconf 87' lang='lat' dir='ltr'><strong>interdum</strong></span> <span class='ocrx_word' id='word_1_167' title='bbox 1116 2388 1288 2462; x_wconf 67' lang='lat' dir='ltr'><strong>depravatur</strong></span> <span class='ocrx_word' id='word_1_168' title='bbox 1306 2406 1346 2441; x_wconf 85' lang='lat' dir='ltr'><strong>ex·</strong></span> <span class='ocrx_word' id='word_1_169' title='bbox 1369 2391 1376 2402; x_wconf 89' lang='lat'><strong><em>‘</em></strong></span> <span class='ocrx_word' id='word_1_170' title='bbox 1457 2425 1458 2472; x_wconf 8' lang='grc' dir='ltr'><strong>ἑ</strong></span> 
     </span>
     <span class='ocr_line' id='line_1_21' title="bbox 407 2463 1458 2548; baseline 0.001 -22"><span class='ocrx_word' id='word_1_171' title='bbox 407 2474 566 2534; x_wconf 72' lang='lat' dir='ltr'><strong>hibucrsnt,</strong></span> <span class='ocrx_word' id='word_1_172' title='bbox 592 2473 637 2526; x_wconf 88' lang='lat' dir='ltr'><strong>sed</strong></span> <span class='ocrx_word' id='word_1_173' title='bbox 657 2463 850 2548; x_wconf 81' lang='lat' dir='ltr'><strong>depravationis</strong></span> <span class='ocrx_word' id='word_1_174' title='bbox 871 2477 945 2548; x_wconf 81' lang='lat' dir='ltr'><strong>origo</strong></span> <span class='ocrx_word' id='word_1_175' title='bbox 964 2475 1035 2530; x_wconf 86' lang='lat' dir='ltr'><strong>haud</strong></span> <span class='ocrx_word' id='word_1_176' title='bbox 1054 2476 1167 2529; x_wconf 88' lang='lat' dir='ltr'><strong>obscura</strong></span> <span class='ocrx_word' id='word_1_177' title='bbox 1188 2484 1237 2530; x_wconf 85' lang='lat' dir='ltr'><strong>cst.</strong></span> <span class='ocrx_word' id='word_1_178' title='bbox 1269 2472 1345 2546; x_wconf 79' lang='lat' dir='ltr'><strong>Syris</strong></span> <span class='ocrx_word' id='word_1_179' title='bbox 1457 2475 1458 2504; x_wconf 62' lang='lat' dir='ltr'><strong>l</strong></span> 
     </span>
    </p>
   </div>
   <div class='ocr_carea' id='block_1_6' title="bbox 285 2559 1458 2684">
    <p class='ocr_par' dir='ltr' id='par_1_13' title="bbox 285 2559 1458 2684">
     <span class='ocr_line' id='line_1_22' title="bbox 285 2559 1458 2684; baseline -0.081 -2"><span class='ocrx_word' id='word_1_180' title='bbox 285 2670 291 2682; x_wconf 73' lang='grc'><strong>.</strong></span> <span class='ocrx_word' id='word_1_181' title='bbox 407 2559 662 2684; x_wconf 37' lang='lat' dir='ltr'><strong>tow&amp;</strong></span> <span class='ocrx_word' id='word_1_182' title='bbox 700 2595 853 2663; x_wconf 48' lang='lat' dir='ltr'><strong>(trinum.</strong></span> <span class='ocrx_word' id='word_1_183' title='bbox 874 2595 1041 2654; x_wconf 71' lang='lat' dir='ltr'><strong>bibi.0r.1‚</strong></span> <span class='ocrx_word' id='word_1_184' title='bbox 1066 2596 1361 2670; x_wconf 23' lang='lat' dir='ltr'><strong>&amp;mummi-,¹</strong></span> <span class='ocrx_word' id='word_1_185' title='bbox 1457 2561 1458 2587; x_wconf 59' lang='lat' dir='ltr'><strong>r</strong></span> 
     </span>
    </p>
   </div>
   <div class='ocr_carea' id='block_1_7' title="bbox 316 2709 1346 2792">
    <p class='ocr_par' dir='ltr' id='par_1_14' title="bbox 316 2709 1346 2792">
     <span class='ocr_line' id='line_1_23' title="bbox 316 2709 1346 2792; baseline 0.005 -27"><span class='ocrx_word' id='word_1_186' title='bbox 316 2741 338 2784; x_wconf 20' lang='lat' dir='ltr'><strong>a!</strong></span> <span class='ocrx_word' id='word_1_187' title='bbox 357 2717 366 2746; x_wconf 85' lang='lat'><strong><em>¹</em></strong></span> <span class='ocrx_word' id='word_1_188' title='bbox 405 2709 477 2766; x_wconf 85' lang='lat' dir='ltr'><strong>unde</strong></span> <span class='ocrx_word' id='word_1_189' title='bbox 495 2710 606 2765; x_wconf 81' lang='lat' dir='ltr'><strong>Graecis</strong></span> <span class='ocrx_word' id='word_1_190' title='bbox 626 2721 651 2764; x_wconf 88' lang='lat' dir='ltr'><strong>et</strong></span> <span class='ocrx_word' id='word_1_191' title='bbox 664 2711 765 2764; x_wconf 84' lang='lat' dir='ltr'><strong>Latinis</strong></span> <span class='ocrx_word' id='word_1_192' title='bbox 784 2713 919 2768; x_wconf 86' lang='lat' dir='ltr'><strong>interdum</strong></span> <span class='ocrx_word' id='word_1_193' title='bbox 935 2713 1104 2792; x_wconf 32' lang='lat' dir='ltr'><strong>p&#39;insertum</strong></span> <span class='ocrx_word' id='word_1_194' title='bbox 1120 2720 1174 2778; x_wconf 85' lang='lat' dir='ltr'><strong>est,</strong></span> <span class='ocrx_word' id='word_1_195' title='bbox 1191 2715 1346 2784; x_wconf 70' lang='lat' dir='ltr'><strong>Moumous-</strong></span> 
     </span>
    </p>
   </div>
   <div class='ocr_carea' id='block_1_8' title="bbox 263 2792 1400 4224">
    <p class='ocr_par' dir='ltr' id='par_1_15' title="bbox 347 2792 1347 3890">
     <span class='ocr_line' id='line_1_24' title="bbox 407 2792 1346 2871; baseline 0.004 -21"><span class='ocrx_word' id='word_1_196' title='bbox 407 2802 471 2850; x_wconf 68' lang='lat' dir='ltr'><strong>ursa</strong></span> <span class='ocrx_word' id='word_1_197' title='bbox 490 2795 525 2848; x_wconf 80' lang='lat' dir='ltr'><strong>cl.</strong></span> <span class='ocrx_word' id='word_1_198' title='bbox 539 2796 654 2848; x_wconf 68' lang='lat' dir='ltr'><strong>&#39;Sononn</strong></span> <span class='ocrx_word' id='word_1_199' title='bbox 672 2797 699 2848; x_wconf 88' lang='lat' dir='ltr'><strong>h.</strong></span> <span class='ocrx_word' id='word_1_200' title='bbox 722 2817 745 2848; x_wconf 84' lang='lat' dir='ltr'><strong>e.</strong></span> <span class='ocrx_word' id='word_1_201' title='bbox 766 2801 791 2859; x_wconf 85' lang='lat'><strong>8.</strong></span> <span class='ocrx_word' id='word_1_202' title='bbox 811 2801 836 2853; x_wconf 87' lang='grc'><strong>2.</strong></span> <span class='ocrx_word' id='word_1_203' title='bbox 872 2797 1017 2871; x_wconf 86' lang='lat' dir='ltr'><strong>Nicephori</strong></span> <span class='ocrx_word' id='word_1_204' title='bbox 1039 2797 1130 2852; x_wconf 88' lang='lat' dir='ltr'><strong>Caten.</strong></span> <span class='ocrx_word' id='word_1_205' title='bbox 1152 2792 1182 2852; x_wconf 83' lang='lat' dir='ltr'><strong>in</strong></span> <span class='ocrx_word' id='word_1_206' title='bbox 1201 2798 1289 2854; x_wconf 86' lang='lat' dir='ltr'><strong>Octat.</strong></span> <span class='ocrx_word' id='word_1_207' title='bbox 1307 2800 1346 2854; x_wconf 89' lang='lat'><strong>11.</strong></span> 
     </span>
     <span class='ocr_line' id='line_1_25' title="bbox 406 2875 1347 2956; baseline 0.013 -30"><span class='ocrx_word' id='word_1_208' title='bbox 406 2896 435 2950; x_wconf 85' lang='lat' dir='ltr'><strong>p.</strong></span> <span class='ocrx_word' id='word_1_209' title='bbox 454 2875 498 2932; x_wconf 75' lang='grc'><strong>44.</strong></span> <span class='ocrx_word' id='word_1_210' title='bbox 510 2875 586 2934; x_wconf 81' lang='grc'><strong>226.,</strong></span> <span class='ocrx_word' id='word_1_211' title='bbox 616 2878 806 2949; x_wconf 81' lang='lat' dir='ltr'><strong>Mompsvestia</strong></span> <span class='ocrx_word' id='word_1_212' title='bbox 826 2885 1088 2951; x_wconf 82' lang='lat' dir='ltr'><strong>(Mompsvestenns,</strong></span> <span class='ocrx_word' id='word_1_213' title='bbox 1112 2884 1347 2956; x_wconf 82' lang='lat' dir='ltr'><strong>Mompssestinae,</strong></span> 
     </span>
     <span class='ocr_line' id='line_1_26' title="bbox 408 2957 1346 3040; baseline 0.009 -26"><span class='ocrx_word' id='word_1_214' title='bbox 408 2961 454 3014; x_wconf 85' lang='lat' dir='ltr'><strong>sed</strong></span> <span class='ocrx_word' id='word_1_215' title='bbox 473 2960 494 3014; x_wconf 91' lang='lat' dir='ltr'><strong>l.</strong></span> <span class='ocrx_word' id='word_1_216' title='bbox 513 2957 734 3030; x_wconf 75' lang='lat' dir='ltr'><strong>Mourpsvestiae)</strong></span> <span class='ocrx_word' id='word_1_217' title='bbox 752 2963 786 3016; x_wconf 80' lang='lat' dir='ltr'><strong>oi.</strong></span> <span class='ocrx_word' id='word_1_218' title='bbox 803 2963 883 3033; x_wconf 79' lang='lat' dir='ltr'><strong>vigit.</strong></span> <span class='ocrx_word' id='word_1_219' title='bbox 898 2965 990 3034; x_wconf 72' lang='lat' dir='ltr'><strong>Consi.</strong></span> <span class='ocrx_word' id='word_1_220' title='bbox 1008 2965 1088 3016; x_wconf 81' lang='lat' dir='ltr'><strong>llard.</strong></span> <span class='ocrx_word' id='word_1_221' title='bbox 1103 2963 1122 3018; x_wconf 90' lang='lat' dir='ltr'><strong>l.</strong></span> <span class='ocrx_word' id='word_1_222' title='bbox 1138 2966 1158 3018; x_wconf 90' lang='lat' dir='ltr'><strong>l.</strong></span> <span class='ocrx_word' id='word_1_223' title='bbox 1173 2969 1221 3020; x_wconf 89' lang='lat' dir='ltr'><strong>Ill.</strong></span> <span class='ocrx_word' id='word_1_224' title='bbox 1240 2989 1267 3040; x_wconf 89' lang='lat' dir='ltr'><strong>p.</strong></span> <span class='ocrx_word' id='word_1_225' title='bbox 1283 2970 1346 3026; x_wconf 67' lang='grc'><strong>222.</strong></span> 
     </span>
     <span class='ocr_line' id='line_1_27' title="bbox 408 3042 1345 3125; baseline 0.015 -27"><span class='ocrx_word' id='word_1_226' title='bbox 408 3047 469 3104; x_wconf 77' lang='grc'><strong>243.</strong></span> <span class='ocrx_word' id='word_1_227' title='bbox 496 3042 558 3099; x_wconf 81' lang='grc'><strong>244.</strong></span> <span class='ocrx_word' id='word_1_228' title='bbox 586 3044 656 3112; x_wconf 89' lang='lat' dir='ltr'><strong>(Act.</strong></span> <span class='ocrx_word' id='word_1_229' title='bbox 687 3045 771 3100; x_wconf 86' lang='lat' dir='ltr'><strong>Conc.</strong></span> <span class='ocrx_word' id='word_1_230' title='bbox 794 3045 918 3102; x_wconf 77' lang='lat' dir='ltr'><strong>chalced.</strong></span> <span class='ocrx_word' id='word_1_231' title='bbox 940 3049 976 3101; x_wconf 91' lang='lat' dir='ltr'><strong>X.</strong></span> <span class='ocrx_word' id='word_1_232' title='bbox 994 3047 1076 3102; x_wconf 87' lang='lat' dir='ltr'><strong>Hard.</strong></span> <span class='ocrx_word' id='word_1_233' title='bbox 1096 3048 1115 3101; x_wconf 91' lang='lat' dir='ltr'><strong>l.</strong></span> <span class='ocrx_word' id='word_1_234' title='bbox 1135 3049 1214 3106; x_wconf 47' lang='lat' dir='ltr'><strong>lull.</strong></span> <span class='ocrx_word' id='word_1_235' title='bbox 1237 3073 1265 3125; x_wconf 83' lang='lat' dir='ltr'><strong>p·</strong></span> <span class='ocrx_word' id='word_1_236' title='bbox 1284 3056 1345 3112; x_wconf 82' lang='lat'><strong>515.</strong></span> 
     </span>
     <span class='ocr_line' id='line_1_28' title="bbox 408 3129 1346 3204; baseline 0.009 -20"><span class='ocrx_word' id='word_1_237' title='bbox 408 3129 630 3202; x_wconf 80' lang='lat' dir='ltr'><strong>Mompssestiae,</strong></span> <span class='ocrx_word' id='word_1_238' title='bbox 643 3131 729 3184; x_wconf 81' lang='lat' dir='ltr'><strong>Paris.</strong></span> <span class='ocrx_word' id='word_1_239' title='bbox 743 3131 976 3204; x_wconf 80' lang='lat' dir='ltr'><strong>Mampsvestiae),</strong></span> <span class='ocrx_word' id='word_1_240' title='bbox 992 3133 1096 3188; x_wconf 83' lang='lat' dir='ltr'><strong>Marius</strong></span> <span class='ocrx_word' id='word_1_241' title='bbox 1109 3135 1244 3190; x_wconf 77' lang='lat' dir='ltr'><strong>Mercator</strong></span> <span class='ocrx_word' id='word_1_242' title='bbox 1256 3147 1346 3192; x_wconf 83' lang='lat' dir='ltr'><strong>antem</strong></span> 
     </span>
     <span class='ocr_line' id='line_1_29' title="bbox 408 3205 1346 3294; baseline 0.014 -27"><span class='ocrx_word' id='word_1_243' title='bbox 408 3233 472 3272; x_wconf 85' lang='lat' dir='ltr'><strong>curn</strong></span> <span class='ocrx_word' id='word_1_244' title='bbox 487 3205 655 3272; x_wconf 79' lang='lat' dir='ltr'><strong>Atliectivum</strong></span> <span class='ocrx_word' id='word_1_245' title='bbox 668 3219 749 3272; x_wconf 85' lang='lat' dir='ltr'><strong>modo</strong></span> <span class='ocrx_word' id='word_1_246' title='bbox 764 3220 923 3291; x_wconf 71' lang='lat' dir='ltr'><strong>mamsist</strong></span> <span class='ocrx_word' id='word_1_247' title='bbox 929 3239 1013 3274; x_wconf 88' lang='lat' dir='ltr'><strong>enus</strong></span> <span class='ocrx_word' id='word_1_248' title='bbox 1031 3220 1066 3274; x_wconf 82' lang='lat' dir='ltr'><strong>cf.</strong></span> <span class='ocrx_word' id='word_1_249' title='bbox 1084 3219 1103 3272; x_wconf 91' lang='lat' dir='ltr'><strong>l.</strong></span> <span class='ocrx_word' id='word_1_250' title='bbox 1118 3239 1141 3275; x_wconf 79' lang='lat' dir='ltr'><strong>c</strong></span> <span class='ocrx_word' id='word_1_251' title='bbox 1161 3242 1188 3294; x_wconf 84' lang='lat' dir='ltr'><strong>p·</strong></span> <span class='ocrx_word' id='word_1_252' title='bbox 1202 3225 1262 3278; x_wconf 79' lang='lat'><strong>615.</strong></span> <span class='ocrx_word' id='word_1_253' title='bbox 1276 3224 1346 3287; x_wconf 70' lang='lat'><strong>625„</strong></span> 
     </span>
     <span class='ocr_line' id='line_1_30' title="bbox 348 3299 1346 3378; baseline 0.01 -26"><span class='ocrx_word' id='word_1_254' title='bbox 348 3357 350 3364; x_wconf 57' lang='grc'>,</span> <span class='ocrx_word' id='word_1_255' title='bbox 409 3299 491 3353; x_wconf 84' lang='lat' dir='ltr'><strong>modo</strong></span> <span class='ocrx_word' id='word_1_256' title='bbox 509 3305 793 3358; x_wconf 85' lang='lat' dir='ltr'><strong>mamsuestinus</strong></span> <span class='ocrx_word' id='word_1_257' title='bbox 816 3326 843 3378; x_wconf 71' lang='lat' dir='ltr'><strong>pr</strong></span> <span class='ocrx_word' id='word_1_258' title='bbox 865 3309 940 3366; x_wconf 85' lang='lat'><strong>700.‚</strong></span> <span class='ocrx_word' id='word_1_259' title='bbox 965 3304 1045 3358; x_wconf 86' lang='lat' dir='ltr'><strong>ruodo</strong></span> <span class='ocrx_word' id='word_1_260' title='bbox 1067 3319 1346 3362; x_wconf 84' lang='lat' dir='ltr'><strong>mansuestonus</strong></span> 
     </span>
     <span class='ocr_line' id='line_1_31' title="bbox 363 3384 1345 3464; baseline 0.01 -27"><span class='ocrx_word' id='word_1_261' title='bbox 363 3395 367 3402; x_wconf 94' lang='grc'><em>“</em></span> <span class='ocrx_word' id='word_1_262' title='bbox 408 3402 436 3455; x_wconf 84' lang='lat' dir='ltr'><strong>p·</strong></span> <span class='ocrx_word' id='word_1_263' title='bbox 459 3385 518 3438; x_wconf 86' lang='grc'><strong>702.</strong></span> <span class='ocrx_word' id='word_1_264' title='bbox 538 3384 681 3447; x_wconf 83' lang='lat' dir='ltr'><strong>formaret,</strong></span> <span class='ocrx_word' id='word_1_265' title='bbox 706 3408 796 3460; x_wconf 77' lang='lat' dir='ltr'><strong>vagam</strong></span> <span class='ocrx_word' id='word_1_266' title='bbox 820 3390 894 3442; x_wconf 85' lang='lat' dir='ltr'><strong>urhis</strong></span> <span class='ocrx_word' id='word_1_267' title='bbox 908 3391 1129 3463; x_wconf 78' lang='lat' dir='ltr'><strong>appellationem,</strong></span> <span class='ocrx_word' id='word_1_268' title='bbox 1148 3412 1216 3464; x_wconf 87' lang='lat' dir='ltr'><strong>quae</strong></span> <span class='ocrx_word' id='word_1_269' title='bbox 1231 3393 1259 3446; x_wconf 94' lang='lat' dir='ltr'><strong>in</strong></span> <span class='ocrx_word' id='word_1_270' title='bbox 1273 3393 1345 3463; x_wconf 63' lang='lat' dir='ltr'><strong>vulgi</strong></span> 
     </span>
     <span class='ocr_line' id='line_1_32' title="bbox 410 3469 1346 3536; baseline 0.012 -16"><span class='ocrx_word' id='word_1_271' title='bbox 410 3485 458 3522; x_wconf 87' lang='lat' dir='ltr'><strong>ore</strong></span> <span class='ocrx_word' id='word_1_272' title='bbox 475 3469 641 3536; x_wconf 71' lang='lat' dir='ltr'><strong>versabatur,</strong></span> <span class='ocrx_word' id='word_1_273' title='bbox 673 3485 779 3528; x_wconf 82' lang='lat' dir='ltr'><strong>secutus</strong></span> <span class='ocrx_word' id='word_1_274' title='bbox 798 3485 848 3530; x_wconf 80' lang='lat' dir='ltr'><strong>est.</strong></span> <span class='ocrx_word' id='word_1_275' title='bbox 884 3476 1009 3529; x_wconf 85' lang='lat' dir='ltr'><strong>Ceterum</strong></span> <span class='ocrx_word' id='word_1_276' title='bbox 1035 3476 1192 3532; x_wconf 85' lang='lat' dir='ltr'><strong>Theodorus</strong></span> <span class='ocrx_word' id='word_1_277' title='bbox 1210 3478 1346 3532; x_wconf 85' lang='lat' dir='ltr'><strong>interdum</strong></span> 
     </span>
     <span class='ocr_line' id='line_1_33' title="bbox 410 3553 1346 3632; baseline 0.011 -26"><span class='ocrx_word' id='word_1_278' title='bbox 410 3553 529 3626; x_wconf 87' lang='lat' dir='ltr'><strong>episcopi</strong></span> <span class='ocrx_word' id='word_1_279' title='bbox 543 3555 652 3608; x_wconf 85' lang='lat' dir='ltr'><strong>nomine</strong></span> <span class='ocrx_word' id='word_1_280' title='bbox 667 3557 766 3611; x_wconf 87' lang='lat' dir='ltr'><strong>omisso</strong></span> <span class='ocrx_word' id='word_1_281' title='bbox 780 3559 966 3612; x_wconf 87' lang='lat' dir='ltr'><strong>tantummodo</strong></span> <span class='ocrx_word' id='word_1_282' title='bbox 982 3567 1013 3615; x_wconf 84' lang='grc' dir='ltr'><strong>Θ.</strong></span> <span class='ocrx_word' id='word_1_283' title='bbox 1032 3559 1077 3632; x_wconf 81' lang='lat' dir='ltr'><strong>(o‘)</strong></span> <span class='ocrx_word' id='word_1_284' title='bbox 1093 3563 1140 3631; x_wconf 75' lang='grc' dir='ltr'><strong>τῆς</strong></span> <span class='ocrx_word' id='word_1_285' title='bbox 1154 3567 1346 3629; x_wconf 78' lang='grc' dir='ltr'><strong><em>Μοψουεστίας</em></strong></span> 
     </span>
     <span class='ocr_line' id='line_1_34' title="bbox 409 3631 1346 3721; baseline 0.013 -31"><span class='ocrx_word' id='word_1_286' title='bbox 409 3638 562 3710; x_wconf 84' lang='lat' dir='ltr'><strong>appellatur</strong></span> <span class='ocrx_word' id='word_1_287' title='bbox 578 3631 614 3694; x_wconf 84' lang='lat' dir='ltr'><strong>cI.</strong></span> <span class='ocrx_word' id='word_1_288' title='bbox 631 3639 790 3696; x_wconf 87' lang='lat' dir='ltr'><strong>Theodoret.</strong></span> <span class='ocrx_word' id='word_1_289' title='bbox 809 3643 836 3698; x_wconf 90' lang='lat' dir='ltr'><strong>h.</strong></span> <span class='ocrx_word' id='word_1_290' title='bbox 855 3661 879 3698; x_wconf 89' lang='lat' dir='ltr'><strong>e.</strong></span> <span class='ocrx_word' id='word_1_291' title='bbox 896 3645 922 3705; x_wconf 85' lang='lat'><strong>5.</strong></span> <span class='ocrx_word' id='word_1_292' title='bbox 934 3647 994 3708; x_wconf 77' lang='lat'><strong>27..</strong></span> <span class='ocrx_word' id='word_1_293' title='bbox 1011 3644 1090 3712; x_wconf 82' lang='lat' dir='ltr'><strong>latine</strong></span> <span class='ocrx_word' id='word_1_294' title='bbox 1103 3647 1154 3702; x_wconf 84' lang='lat' dir='ltr'><strong>Th.</strong></span> <span class='ocrx_word' id='word_1_295' title='bbox 1169 3647 1346 3721; x_wconf 72' lang='lat' dir='ltr'><strong>Mopsuestiae</strong></span> 
     </span>
     <span class='ocr_line' id='line_1_35' title="bbox 410 3723 1346 3802; baseline 0.009 -24"><span class='ocrx_word' id='word_1_296' title='bbox 410 3723 444 3778; x_wconf 84' lang='lat' dir='ltr'><strong>cl.</strong></span> <span class='ocrx_word' id='word_1_297' title='bbox 454 3725 521 3784; x_wconf 74' lang='lat' dir='ltr'><strong>&#39;Fac</strong></span> <span class='ocrx_word' id='word_1_298' title='bbox 537 3727 580 3786; x_wconf 89' lang='grc'><strong>12,</strong></span> <span class='ocrx_word' id='word_1_299' title='bbox 593 3729 618 3782; x_wconf 81' lang='grc'><strong>5.</strong></span> <span class='ocrx_word' id='word_1_300' title='bbox 633 3736 714 3801; x_wconf 86' lang='lat' dir='ltr'><strong>atque</strong></span> <span class='ocrx_word' id='word_1_301' title='bbox 732 3728 810 3782; x_wconf 84' lang='lat' dir='ltr'><strong>otiam</strong></span> <span class='ocrx_word' id='word_1_302' title='bbox 829 3726 882 3780; x_wconf 79' lang='lat' dir='ltr'><strong>Th.</strong></span> <span class='ocrx_word' id='word_1_303' title='bbox 898 3728 1100 3802; x_wconf 72' lang='lat' dir='ltr'><strong>Mopsvesunus</strong></span> <span class='ocrx_word' id='word_1_304' title='bbox 1118 3733 1152 3788; x_wconf 79' lang='lat' dir='ltr'><strong>cf.</strong></span> <span class='ocrx_word' id='word_1_305' title='bbox 1172 3733 1234 3798; x_wconf 70' lang='lat' dir='ltr'><strong>Fac„</strong></span> <span class='ocrx_word' id='word_1_306' title='bbox 1252 3753 1275 3790; x_wconf 86' lang='lat' dir='ltr'><strong>c.</strong></span> <span class='ocrx_word' id='word_1_307' title='bbox 1288 3735 1346 3788; x_wconf 83' lang='lat' dir='ltr'><strong>Mo</strong></span> 
     </span>
     <span class='ocr_line' id='line_1_36' title="bbox 347 3809 1346 3890; baseline 0.014 -30"><span class='ocrx_word' id='word_1_308' title='bbox 347 3851 354 3860; x_wconf 80' lang='grc'><strong><em>,</em></strong></span> <span class='ocrx_word' id='word_1_309' title='bbox 410 3809 481 3864; x_wconf 87' lang='lat' dir='ltr'><strong>cian.</strong></span> <span class='ocrx_word' id='word_1_310' title='bbox 499 3810 583 3866; x_wconf 87' lang='lat' dir='ltr'><strong>schol.</strong></span> <span class='ocrx_word' id='word_1_311' title='bbox 601 3835 628 3887; x_wconf 87' lang='lat' dir='ltr'><strong>p.</strong></span> <span class='ocrx_word' id='word_1_312' title='bbox 648 3818 708 3872; x_wconf 80' lang='lat'><strong>815.</strong></span> <span class='ocrx_word' id='word_1_313' title='bbox 743 3813 815 3867; x_wconf 89' lang='lat' dir='ltr'><strong>Mira</strong></span> <span class='ocrx_word' id='word_1_314' title='bbox 834 3831 894 3866; x_wconf 78' lang='lat' dir='ltr'><strong>vero</strong></span> <span class='ocrx_word' id='word_1_315' title='bbox 909 3811 1026 3868; x_wconf 87' lang='lat' dir='ltr'><strong>Victoris</strong></span> <span class='ocrx_word' id='word_1_316' title='bbox 1041 3816 1072 3870; x_wconf 84' lang='lat' dir='ltr'><strong>de</strong></span> <span class='ocrx_word' id='word_1_317' title='bbox 1084 3817 1230 3890; x_wconf 81' lang='lat' dir='ltr'><strong>Wegnern</strong></span> <span class='ocrx_word' id='word_1_318' title='bbox 1245 3820 1280 3888; x_wconf 86' lang='lat' dir='ltr'><strong>(T</strong></span> <span class='ocrx_word' id='word_1_319' title='bbox 1282 3821 1346 3874; x_wconf 86' lang='lat' dir='ltr'><strong>heo-</strong></span> 
     </span>
    </p>

    <p class='ocr_par' dir='ltr' id='par_1_16' title="bbox 263 3893 1400 4136">
     <span class='ocr_line' id='line_1_37' title="bbox 263 3893 1400 3979; baseline 0.009 -32"><span class='ocrx_word' id='word_1_320' title='bbox 263 3949 265 3966; x_wconf 81' lang='lat'><em>.</em></span> <span class='ocrx_word' id='word_1_321' title='bbox 316 3921 326 3948; x_wconf 56' lang='lat' dir='ltr'><strong>s.</strong></span> <span class='ocrx_word' id='word_1_322' title='bbox 411 3893 471 3946; x_wconf 89' lang='lat' dir='ltr'><strong>‹lori</strong></span> <span class='ocrx_word' id='word_1_323' title='bbox 491 3897 556 3955; x_wconf 80' lang='lat' dir='ltr'><strong>Ant.</strong></span> <span class='ocrx_word' id='word_1_324' title='bbox 579 3919 646 3972; x_wconf 84' lang='lat' dir='ltr'><strong>quae</strong></span> <span class='ocrx_word' id='word_1_325' title='bbox 665 3903 819 3973; x_wconf 85' lang='lat' dir='ltr'><strong>supersunt.</strong></span> <span class='ocrx_word' id='word_1_326' title='bbox 841 3897 984 3967; x_wconf 78' lang='lat' dir='ltr'><strong>1.[Ber01.</strong></span> <span class='ocrx_word' id='word_1_327' title='bbox 1008 3905 1098 3976; x_wconf 57' lang='lat'>1834]</span> <span class='ocrx_word' id='word_1_328' title='bbox 1123 3927 1152 3979; x_wconf 87' lang='lat' dir='ltr'><strong>p.</strong></span> <span class='ocrx_word' id='word_1_329' title='bbox 1172 3905 1290 3972; x_wconf 82' lang='lat' dir='ltr'><strong>XVIII.)</strong></span> <span class='ocrx_word' id='word_1_330' title='bbox 1306 3914 1346 3957; x_wconf 87' lang='lat' dir='ltr'><strong>est</strong></span> <span class='ocrx_word' id='word_1_331' title='bbox 1392 3919 1400 3938; x_wconf 71' lang='lat'>⁸</span> 
     </span>
     <span class='ocr_line' id='line_1_38' title="bbox 410 3977 1345 4063; baseline 0.013 -33"><span class='ocrx_word' id='word_1_332' title='bbox 410 3977 518 4050; x_wconf 86' lang='lat' dir='ltr'><strong>opinio,</strong></span> <span class='ocrx_word' id='word_1_333' title='bbox 542 3982 701 4040; x_wconf 82' lang='lat' dir='ltr'><strong>Antiocheni</strong></span> <span class='ocrx_word' id='word_1_334' title='bbox 717 3984 827 4039; x_wconf 85' lang='lat' dir='ltr'><strong>nomine</strong></span> <span class='ocrx_word' id='word_1_335' title='bbox 844 3981 1016 4040; x_wconf 85' lang='lat' dir='ltr'><strong>Theodorum</strong></span> <span class='ocrx_word' id='word_1_336' title='bbox 1040 3989 1130 4063; x_wconf 82' lang='lat' dir='ltr'><strong>ipsum</strong></span> <span class='ocrx_word' id='word_1_337' title='bbox 1148 3989 1235 4046; x_wconf 86' lang='lat' dir='ltr'><strong>solum</strong></span> <span class='ocrx_word' id='word_1_338' title='bbox 1252 3991 1279 4044; x_wconf 94' lang='lat' dir='ltr'><strong>in</strong></span> <span class='ocrx_word' id='word_1_339' title='bbox 1297 3988 1345 4042; x_wconf 91' lang='lat' dir='ltr'><strong>lib·</strong></span> 
     </span>
     <span class='ocr_line' id='line_1_39' title="bbox 409 4062 1381 4136; baseline 0.014 -21"><span class='ocrx_word' id='word_1_340' title='bbox 409 4079 505 4117; x_wconf 88' lang='lat' dir='ltr'><strong>rorum</strong></span> <span class='ocrx_word' id='word_1_341' title='bbox 520 4084 633 4120; x_wconf 88' lang='lat' dir='ltr'><strong>suornm</strong></span> <span class='ocrx_word' id='word_1_342' title='bbox 649 4070 732 4124; x_wconf 86' lang='lat' dir='ltr'><strong>titulis</strong></span> <span class='ocrx_word' id='word_1_343' title='bbox 751 4089 779 4126; x_wconf 85' lang='lat' dir='ltr'><strong>se</strong></span> <span class='ocrx_word' id='word_1_344' title='bbox 798 4077 916 4134; x_wconf 86' lang='lat' dir='ltr'><strong>notasse,</strong></span> <span class='ocrx_word' id='word_1_345' title='bbox 938 4071 970 4126; x_wconf 88' lang='lat' dir='ltr'><strong>ab</strong></span> <span class='ocrx_word' id='word_1_346' title='bbox 983 4067 1042 4128; x_wconf 88' lang='lat' dir='ltr'><strong>aliis</strong></span> <span class='ocrx_word' id='word_1_347' title='bbox 1055 4087 1145 4134; x_wconf 85' lang='lat' dir='ltr'><strong>autem</strong></span> <span class='ocrx_word' id='word_1_348' title='bbox 1158 4078 1189 4132; x_wconf 84' lang='lat' dir='ltr'><strong>dc</strong></span> <span class='ocrx_word' id='word_1_349' title='bbox 1202 4075 1283 4136; x_wconf 84' lang='lat' dir='ltr'><strong>urbe.</strong></span> <span class='ocrx_word' id='word_1_350' title='bbox 1299 4075 1344 4130; x_wconf 84' lang='lat' dir='ltr'><strong>cui</strong></span> <span class='ocrx_word' id='word_1_351' title='bbox 1378 4062 1381 4072; x_wconf 72' lang='grc'>’</span> 
     </span>
    </p>

    <p class='ocr_par' dir='ltr' id='par_1_17' title="bbox 339 4148 1028 4224">
     <span class='ocr_line' id='line_1_40' title="bbox 339 4148 1028 4224; baseline 0.028 -22"><span class='ocrx_word' id='word_1_352' title='bbox 339 4179 343 4184; x_wconf 90' lang='grc'>-</span> <span class='ocrx_word' id='word_1_353' title='bbox 410 4148 553 4222; x_wconf 81' lang='lat' dir='ltr'><strong>episcopus</strong></span> <span class='ocrx_word' id='word_1_354' title='bbox 564 4153 733 4224; x_wconf 80' lang='lat' dir='ltr'><strong>praefuisset.</strong></span> <span class='ocrx_word' id='word_1_355' title='bbox 749 4156 949 4216; x_wconf 82' lang='lat' dir='ltr'><strong>denominatum</strong></span> <span class='ocrx_word' id='word_1_356' title='bbox 964 4177 1028 4220; x_wconf 84' lang='lat' dir='ltr'><strong>csse.</strong></span> 
     </span>
    </p>
   </div>
   <div class='ocr_carea' id='block_1_9' title="bbox 0 0 1483 5240">
    <p class='ocr_par' dir='ltr' id='par_1_18' title="bbox 0 0 1483 5240">
     <span class='ocr_line' id='line_1_41' title="bbox 0 0 1483 5240; baseline 0 0"><span class='ocrx_word' id='word_1_357' title='bbox 0 0 1483 5240; x_wconf 95' lang='lat' dir='ltr'><strong> </strong></span> 
     </span>
    </p>
   </div>
  </div>
 </body>
</html>
