2916 5230
355 642 499 714 icarium
518 640 617 731 plane
638 636 819 719 docuisset,
841 654 947 720 esque
968 633 1036 700 suis
1054 633 1187 724 scriptis
1210 634 1397 710 inseruisse,

244 729 249 744 ⁴
359 769 443 838 quse
470 741 709 830 familiaribus,
742 739 921 824 aliquando
949 737 1050 804 etiam
1076 739 1144 803 suis
1169 738 1399 806 demonstras-

357 865 449 932 sent,
478 870 545 934 quo
575 868 611 912 ss
638 845 820 934 impietatis
848 840 1095 908 convincerent.
1139 840 1264 906 Unum
1292 854 1399 906 autem

357 978 401 1022 ex
422 953 508 1038 suis,
530 951 589 1037 qui
610 949 678 1016 fide
700 949 818 1036 dignus
839 947 881 1012 ab
903 945 968 1012 illis
991 944 1121 1010 habitus
1138 957 1246 1029 esset,
1272 945 1400 1030 quiista

290 1094 291 1102 .
359 1057 565 1147 perlegeret,
593 1052 656 1118 sibi
674 1071 761 1137 quae
779 1049 902 1136 scripta
921 1047 1063 1114 fuissent
1080 1048 1308 1138 renuntiasse.
1354 1047 1400 1109 lix

357 1159 411 1227 his
433 1157 543 1244 colligi
566 1167 694 1242 potest,
717 1152 1022 1238 Theodorumnhoo
1042 1152 1130 1216 librti
1154 1148 1400 1214 accuratissime

358 1281 453 1327 suam
479 1259 520 1322 de
540 1257 769 1322 incarnatione
791 1257 988 1320 sententiam
1006 1255 1221 1341 exposuisse,
1258 1274 1327 1338 quo
1348 1271 1401 1314 ca·

358 1357 547 1432 lumniandi
575 1360 782 1424 occasionem
812 1347 971 1423 demeret.
1016 1356 1073 1423 Au
1094 1359 1170 1424 iure
1193 1353 1401 1421 adversarios

358 1463 523 1554 pessimae
551 1455 640 1525 illius
671 1457 801 1526 fraudis
831 1460 1077 1528 insimulaverit
1106 1459 1237 1525 dubito.
1286 1460 1400 1539 Neque

358 1568 450 1630 enim
472 1565 542 1654 ipse
562 1563 761 1644 calumnias,
791 1581 871 1650 ques
892 1559 1004 1652 putat,
1033 1563 1241 1652 perscriptas
1267 1561 1347 1647 legit
1372 1567 1399 1622 et

357 1662 433 1734 fieri
446 1659 573 1758 po'tuil,
596 1676 636 1730 ut
649 1665 831 1732 adversarii
845 1667 956 1758 edilia
969 1679 1098 1733 tantum
1111 1665 1145 1749 l.,
1167 1689 1319 1753 quorum
1333 1661 1401 1748 qui-

359 1768 437 1838 dem
464 1788 625 1836 numerus
654 1792 725 1833 non
754 1769 896 1854 exiguus
924 1782 1013 1850 erat,
1049 1769 1203 1836 animum
1229 1769 1401 1834 advertere

358 1872 540 1955 iuberent,¹
556 1883 697 1960 propter
717 1891 802 1954 quae
817 1868 1036 1938 Theodorum
1051 1874 1125 1938 iure
1144 1872 1332 1961 impietatis
1350 1891 1401 1932 ac-

363 1996 479 2042 cusare
495 1975 558 2040 sibi
573 1965 784 2057 videbantur,
806 1973 870 2061 ipsi
885 1987 997 2042 autem
1012 1996 1098 2061 quae
1112 1977 1207 2042 exiis
1225 1975 1400 2040 efficeren·

362 2091 420 2144 tur
440 2076 554 2167 paucis
575 2077 688 2144 verbis
704 2077 934 2158 enuntiarent,
955 2101 989 2152 v.
1004 2103 1031 2149 c.
1048 2081 1137 2164 quod
1150 2090 1311 2168 oporteat
1326 2075 1399 2140 duos
1437 2089 1438 2116 t

264 2221 271 2242 .
362 2173 449 2242 filios
476 2177 597 2241 dicere.
653 2179 970 2263 Quomodocunque
997 2194 1063 2266 est,
1109 2203 1194 2266 quae
1223 2189 1400 2270 supersunt

362 2277 537 2348 Theodori
566 2276 771 2364 fragmenta,
806 2279 896 2342 idem
921 2293 1034 2345 autem
1065 2277 1292 2368 opprobriu'm
1320 2278 1397 2366 quod

363 2377 563 2450 Theodorus
591 2381 628 2444 in
653 2380 927 2467 Apollinaristes,
962 2381 1140 2448 Facundus
1158 2385 1195 2448 in
1214 2384 1397 2474 Aoephalos
1437 2417 1438 2464 1

362 2484 517 2565 coniecit,
532 2483 569 2547 in
582 2481 677 2548 illam
686 2483 957 2550 adversariorum
970 2481 1128 2552 fraudem
1140 2486 1299 2556 incidisse
1313 2479 1397 2575 nego.

275 2613 277 2622 ·
362 2589 413 2672 (v.
428 2606 454 2654 s.
474 2605 508 2702 p.
521 2587 575 2652 21.
591 2587 659 2668 22.)

531 2797 533 2807 Α
584 2835 623 2910 Ε.
674 2841 744 2928 De
772 2840 1022 2912 miraculis
1054 2843 1178 2916 libri.

467 2991 596 3060 Unicus
607 2995 708 3095 ‘locus
715 3041 726 3076 ,
746 3013 814 3078 quo
834 3019 936 3083 quam
954 3020 1050 3065 suam
1069 2999 1396 3072 indolem‘Servator

368 3121 401 3164 v.
421 3102 525 3179 θέλω,
546 3101 761 3182 καθαρίσθητι
778 3097 900 3165 Matth.
914 3103 945 3183 8,
959 3105 989 3167 8.
1014 3104 1196 3171 ostenderit
1212 3111 1397 3197 exponitur,

365 3201 401 3270 ἐκ
421 3209 480 3270 τῶν
498 3205 542 3281 εἷς
562 3196 601 3270 soi
622 3206 770 3287 θαύματα
790 3204 883 3287 λόγου
904 3208 953 3288 β’.
979 3205 1122 3273 affertur
1143 3207 1179 3274 in
1201 3215 1281 3277 Act.
1306 3215 1397 3280 Conc.

365 3304 477 3374 Later.
499 3311 541 3386 (a.
571 3306 662 3388 649.)
690 3305 796 3372 Hal-d.
824 3307 845 3371 l.
875 3307 896 3372 l.
919 3309 981 3375 III.
1006 3331 1037 3398 p.
1056 3315 1129 3384 896.
1153 3325 1185 3378 et
1207 3337 1226 3381 a
1249 3317 1396 3382 Maximo

368 3409 436 3497 Op.
451 3407 537 3498 Il.p.
552 3411 604 3476 91.
632 3409 685 3474 Illi
699 3413 785 3494 λόγοι
798 3421 908 3474 autem
933 3435 1001 3476 non
1017 3417 1183 3480 orationes
1199 3414 1397 3500 (Sclnoecklt

305 3563 306 3570 ,
366 3509 427 3574 l.l.
449 3507 526 3576 XV.
547 3533 580 3596 p.
598 3515 673 3574 207.
703 3511 860 3594 Redeat)
883 3525 993 3598 erant,
1016 3517 1092 3598 sed,
1116 3533 1154 3581 ut
1167 3534 1255 3583 recte
1271 3521 1396 3586 'l'illent

202 3659 209 3680 .
300 3703 310 3713 ⁸
365 3613 386 3680 l.
401 3612 423 3678 l.
445 3635 477 3699 p.
494 3611 567 3680 446.
588 3613 668 3678 libri
680 3611 721 3676 de
742 3611 912 3676 miraculis
930 3614 1010 3696 Jesu
1032 3619 1173 3702 Christi,
1198 3621 1284 3705 nisi,
1314 3619 1395 3708 quod

366 3714 472 3782 valde.
500 3717 670 3806 suspicor,
708 3714 847 3804 omnino
881 3720 925 3784 'ex
955 3722 1103 3809 catalogo
1129 3725 1396 3816 ·theodoreorum

247 3870 251 3881 .
364 3818 531 3887 librorum
554 3821 768 3909 expungendi
790 3835 877 3890 sunt.
920 3824 1075 3892 Fortasse
1096 3849 1152 3892 eos
1175 3829 1289 3898 miuus
1304 3850 1396 3896 sccu-

367 3930 440 3987 rsts
460 3923 587 3988 citandi
613 3925 699 3990 ratio
723 3927 852 4014 pepecit
873 3927 997 4014 illeque
1018 3931 1111 4002 locus
1133 3956 1176 4002 ex
1198 3943 1397 4002 commenta·

183 4037 192 4070 ¹
324 4079 326 4086 ,
368 4022 420 4090 rio
442 4021 479 4089 in
501 4023 623 4095 Matth.
651 4040 780 4093 sumtus
798 4041 857 4096 est.
894 4109 897 4114 .

1199 4221 1203 4252 l
