2938 5240
342 435 387 506 m
483 399 489 410 ,

129 675 132 688 .
233 674 273 708 ¹.
339 623 407 690 ‘sibi
428 617 637 702 vindicaret,
657 613 729 714 imo
750 641 837 708 quae
859 585 1032 710 acceperat
1054 641 1116 686 suo
1137 620 1274 711 ingenio
1295 621 1381 688 ulte·

246 755 251 770 =
341 726 413 794 rius
447 732 641 814 persecutus
672 734 722 788 est
755 733 855 810 atque
891 723 1029 789 ulterius
1065 723 1166 790 etiam
1188 746 1381 816 progressus

342 840 447 912 esset,
479 826 545 894 nisi
567 823 639 890 cius
661 822 798 892 audacia
819 827 961 895 coercita
982 825 1106 894 fuisset.
1146 830 1282 896 Etenim
1304 850 1382 894 cum

331 923 529 998 'etiamnum
549 927 682 994 iuvenis
705 929 746 994 ab
768 927 808 992 iis
828 930 964 1014 quidem
987 929 1175 1021 profectus,
1200 955 1284 1019 qnae
1297 929 1382 998 Dio·
1422 948 1427 957 ·

341 1021 445 1100 dorus
480 1044 713 1125 praeceperat,
750 1031 906 1102 Diodoro.
937 1035 1043 1100 multo
1079 1046 1192 1102 tamen
1225 1031 1383 1100 audacior

339 1137 490 1203 Psalmos
507 1137 746 1224 interpretatus
767 1149 850 1204 esset
871 1157 1056 1222 eorumque
1070 1137 1288 1227 paucissimos
1301 1158 1384 1226 pro-

338 1239 414 1326 prie
443 1239 486 1306 ad
507 1237 679 1303 Christum
702 1240 903 1326 rettulisset,
936 1240 1093 1306 multos
1083 1263 1151 1306 ram
1173 1253 1246 1308 tum
1268 1239 1383 1306 cilen-

340 1337 450 1426 d1t²)
480 1341 528 1404 its
554 1351 594 1406 ut
621 1353 698 1428 post
727 1343 831 1428 magis
856 1343 1029 1430 magisque
1048 1344 1091 1408 ad
1114 1341 1338 1412 diodoream
1327 1363 1383 1408 rn-

339 1441 548 1532 terpretandi
570 1444 736 1510 rationem
758 1444 938 1513 accederet.
982 1425 1191 1536 Conceptam
1216 1443 1382 1512 maculam

279 1629 282 1638 ⁴
338 1545 377 1611 in
410 1545 469 1610 illa
499 1556 707 1636 tempestate
730 1547 826 1614 brevi
853 1550 936 1616 eluit
965 1561 998 1615 et
1026 1551 1172 1636 aliquot·
1181 1548 1278 1618 anuis
1306 1555 1383 1635 post

339 1648 518 1737 presbyter
536 1649 765 1728 Antiochenus
787 1653 988 1720 constitutus
1007 1666 1056 1720 est
1069 1651 1119 1738 2).”

394 1825 397 1834 .
441 1769 534 1833 Τιιιιι
554 1789 637 1832 vero
658 1766 849 1834 miserrima
872 1781 943 1834 erat
965 1769 1246 1838 ecclesiaefaci'es.
1290 1765 1384 1832 Hae-

339 1870 544 1950 reticorum,
583 1868 795 1934 Arianorum
829 1870 1004 1957 inprimis,
1043 1872 1206 1940 factiones
1229 1870 1384 1959 repulsae

340 1971 477 2060 quidem
503 1981 619 2053 erant,
649 1993 713 2036 nec
741 1983 854 2038 tamen
882 1976 1066 2040 exstinctae
1085 1977 1185 2062 alque
1207 1974 1385 2039 etiamtum

340 2057 612 2141 orthodoxorum
634 2086 668 2138 et
687 2075 934 2141 haereticorum
956 2076 1091 2142 dissidia
1115 2091 1148 2144 et
1175 2097 1307 2166 pugnae
1328 2073 1386 2139 vi·

340 2180 478 2266 gabant,
501 2175 620 2262 quibus
642 2189 715 2261 tum
735 2179 863 2244 multae
886 2169 1041 2246 ecclesiae
1056 2181 1289 2259 vexabantur,
1309 2188 1384 2243 tum
1407 2261 1408 2266 ἵ
1459 2259 1460 2270 ¹

339 2279 564 2350 Antiochena-
612 2279 817 2359 Antiochiae
852 2282 943 2348 enim
975 2303 1077 2370 quam
1110 2282 1234 2348 multas
1268 2279 1385 2348 turbas

340 2383 485 2450 schisma
516 2381 733 2450 moletianum
746 2381 776 2471 ³)
812 2383 1011 2453 excitaverit
1038 2384 1112 2473 quis
1139 2383 1276 2452 nesciti.
1302 2383 1385 2454 Aa·

340 2711 350 2722 ·
390 2691 422 2759 1)
439 2684 573 2758 Hesychia
597 2684 617 2740 l·
635 2704 660 2742 c.
685 2706 713 2759 p.
735 2688 794 2742 104.
816 2688 839 2740 si
865 2685 929 2742 fides
952 2696 991 2742 est
1008 2695 1122 2761 propter
1137 2685 1386 2760 interpretationem

437 2772 610 2826 Psalmorum
626 2770 771 2847 „culpatus
788 2783 815 2826 et
827 2774 991 2847 periclitatus
1011 2772 1142 2826 contraria
1158 2772 1212 2825 sibi
1228 2771 1305 2833 dixit,
1328 2789 1386 2824 ιιοιι

442 2875 477 2910 ex
496 2852 631 2906 voluntate
647 2851 692 2904 sed
715 2861 871 2926 compulsus
890 2858 1012 2911 omnium
1031 2857 1207 2928 querimoniis
1224 2867 1249 2910 ei
1266 2853 1386 2910 codicem

443 2940 535 3012 ipsum
558 2935 645 3018 delere
669 2937 806 3010 pollicitus
830 2939 940 2993 latenter
964 2943 1135 2994 conservabat
1159 2941 1276 2994 iudaicae
1294 2939 1387 3012 impie·

327 3029 331 3044 ¹
443 3023 504 3076 tatis
521 3022 657 3076 viaticum.
691 3023 750 3094 lgni
765 3023 837 3081 enirn
855 3044 903 3077 sua
921 3025 1110 3079 commentaria
1128 3023 1257 3078 simulans
1273 3026 1386 3086 tradere,

444 3107 575 3162 malitiose
595 3105 756 3161 abscondere
775 3107 926 3162 illecebram
948 3111 1106 3162 conabatur.
1115 3119 1131 3142 ⁸‘
1173 3108 1225 3162 Sed
1242 3119 1297 3163 tam
1316 3108 1386 3162 mul·

408 3231 410 3246 .
444 3205 504 3248 tum
532 3191 681 3248 acerbitatis
709 3193 783 3245 virus
806 3191 833 3246 in
854 3193 878 3245 Τ
880 3193 1028 3246 heodorum
1054 3194 1187 3254 evomuit,
1216 3203 1246 3247 ut
1271 3212 1304 3247 eo
1326 3194 1385 3248 solo

444 3288 555 3334 auctore
569 3275 616 3330 illa
635 3275 671 3331 ita
692 3277 772 3351 plane
791 3287 821 3331 ut
844 3280 960 3333 narrarit
975 3279 1118 3333 Theodoro
1139 3277 1266 3334 accidisse
1278 3279 1316 3331 rix
1331 3297 1385 3332 cre·

420 3395 426 3405 ·
445 3361 499 3416 das.
536 3361 712 3434 Quamquam
726 3362 899 3418 Theodorum
911 3375 969 3419 turn
985 3385 1001 3421 a
1014 3365 1107 3420 multis
1120 3365 1192 3420 male
1203 3363 1317 3418 audiisse
1330 3382 1386 3420 cer-

444 3457 504 3500 tum
516 3454 563 3498 est

392 3545 487 3620 2.)OE
507 3540 627 3598 Gennad.
643 3541 718 3595 de'
694 3543 758 3597 stris
777 3546 817 3599 ill.
840 3565 865 3602 c.
879 3549 920 3602 12.
941 3547 1060 3601 Melet‘
1052 3547 1185 3620 rnSteph
1198 3545 1301 3600 Baluzii
1316 3563 1387 3601 nova

443 3629 506 3686 coll.
529 3627 625 3682 concil
647 3629 750 3698 (Paris.
773 3633 849 3686 1707
868 3633 963 3704 Rip
988 3635 1047 3689 875
1083 3633 1164 3701 Quod
1181 3631 1316 3684 Jobanries
1339 3651 1385 3704 ep.

444 3711 568 3772 antioch.
583 3713 756 3770 Theodorum
770 3715 896 3781 Flaviani,
914 3737 956 3792 ep.
969 3715 1103 3778 Antiocb„
1119 3715 1285 3790 discipulum
1297 3735 1385 3772 amm·

444 3800 580 3854 tissimum
600 3799 663 3855 dixit
684 3801 720 3858 ci.
734 3801 798 3857 Fac.
819 3807 845 3869 2,
865 3809 906 3867 2..
929 3803 957 3857 id
977 3821 1008 3856 eo
1029 3803 1131 3858 iactum
1148 3803 1286 3868 existimo,
1309 3799 1388 3877 quod

444 3883 572 3941 Flaviano
592 3887 721 3963 episcopo
736 3889 897 3946 Antiochiae
906 3890 1045 3963 presbyter
1057 3898 1124 3946 erat.

391 3986 419 4056 S)
437 3985 471 4042 V.
491 3985 524 4042 de
546 4005 577 4040 eo
598 3987 695 4044 Franc
715 3990 840 4046 Walch
843 3975 1050 4046 Ketserbistdrie
1070 3990 1122 4048 lv.
1148 4009 1176 4062 p.
1197 3989 1249 4044 41⁰
1267 4003 1328 4057 squ.
1349 4012 1385 4030 ι-

446 4068 579 4127 Theodor.
598 4093 642 4146 ap
665 4075 727 4131 Fac.
743 4078 808 4142 9‚.8
826 4077 979 4144 „uerius
998 4093 1037 4130 rer
1050 4077 1132 4150 gratia
1144 4071 1245 4130 etuias
1259 4078 1386 4124 attentas
1457 4137 1458 4146 ἵ

446 4156 641 4228 relietum&
662 4161 905 4222 sustinemus?
923 4171 967 4220 aut
987 4149 1047 4234 qdis
1060 4165 1164 4236 ignorat
1176 4171 1282 4228 semper
1292 4153 1385 4212 adver
