2938 5240
5 689 7 714 Ι
105 743 168 790 sua
191 716 304 788 indole
325 714 370 781 ab
394 689 618 782 Antiochenis
643 705 768 777 diversi
791 714 830 773 ct
844 729 866 774 a
884 703 1027 776 dirersis
1045 707 1145 797 prm

5 793 6 872 1
106 822 203 912 cipiis
216 819 410 916 theologicis
423 815 566 908 profecti
578 813 714 882 nonnisi
704 813 769 880 ad
783 825 924 899 tempus
921 811 1147 880 orthodoxiae
1263 857 1267 864 ·
1344 865 1346 878 .

105 925 243 992 vinculo
265 945 341 990 cum
361 919 781 1008 illisccntineripoterant.
825 914 1013 981 Haereticis
1028 913 1147 984 debel-

5 1035 6 1040 ’
104 1029 211 1096 latis
214 1049 315 1118 quam
341 1025 430 1094 inter
457 1047 493 1092 se
522 1022 685 1090 distarent
711 1021 817 1136 magis
848 1013 1020 1108 magisque
1045 1017 1148 1088 iutel-
1168 1021 1172 1026 ’

104 1111 229 1200 lectum
253 1143 313 1196 est.

209 1250 259 1316 At
289 1269 372 1312 vero
399 1208 600 1310 Theodorus
628 1241 857 1310 diversitatem
877 1239 972 1306 illam
993 1225 1149 1306 nondum
1248 1288 1251 1294 f

106 1355 186 1422 satis
199 1349 380 1444 perspexit
401 1348 553 1432 ideoque
564 1347 775 1435 vituperatus
787 1342 885 1410 facilc
900 1365 940 1408 ec
956 1342 1074 1411 ductus
1088 1355 1173 1427 est,;
1194 1359 1195 1370 ¹

107 1471 146 1524 ut
165 1479 250 1546 quae
275 1451 431 1570 ambigue
454 1451 542 1516 dicta
566 1449 640 1514 visa
657 1461 767 1514 essent
785 1457 994 1514 retractauwet
1033 1446 1151 1514 Nihil·
1168 1513 1170 1524 ,
1199 1517 1203 1530 ,

5 1573 7 1598 ’
108 1563 242 1629 οιιιίιιιιι
259 1558 295 1624 1ιι
315 1553 388 1645 ipso
403 1553 605 1633 Theodoro,
627 1573 693 1638 quo
714 1543 815 1616 nemo
831 1551 1035 1620 constantior
1051 1564 1151 1637 utque

108 1665 211 1731 etiam
243 1660 402 1726 audacior
429 1645 721 1722 Antiochenorum
747 1653 840 1720 viam
868 1661 1062 1742 persecutus
1090 1665 1151 1739 est,

23 1786 26 1794 ’
109 1763 271 1863 primaria
289 1759 357 1823 litis
375 1756 586 1822 nestorianae
606 1756 693 1822 ratio
715 1755 908 1840 quaerenda
928 1770 978 1822 eet
990 1780 1028 1822 ac
1044 1757 1152 1824 facilis
1240 1835 1242 1846 ,

109 1866 303 1934 coniectura
325 1871 424 1943 erat,
443 1858 621 1950 inbelle,
639 1857 757 1943 quod
747 1881 815 1925 tam
829 1858 984 1926 ecclesiae
998 1857 1166 1926 orientali*

38 1979 44 1996 ‘
108 1970 147 2037 iu
177 1967 257 2032 duas
282 1963 433 2030 maxime
459 1975 572 2050 partes
592 1940 802 2028 disiunctae
792 1965 951 2043 meteret,
975 1961 1167 2029 Theodori

5 2133 7 2156 ,
110 2093 237 2148 nomen
256 2065 426 2134 incolume
447 2087 518 2132 esse
532 2089 604 2132 nou
616 2087 714 2154 posse
728 2065 771 2154 1).
815 2066 887 2134 lam
903 2087 981 2132 oum
995 2065 1154 2134 occiden-

113 2238 318 2256 m

164 2361 192 2467 1)
208 2355 421 2430 Disceptandum
440 2366 510 2421 erat,
533 2367 627 2414 utrum
640 2357 694 2414 iem
707 2358 948 2416 Alexandrinorum
962 2375 998 2416 au
1008 2357 1156 2414 Antioche-

189 2458 314 2499 ιιοιιιιιι
339 2444 471 2514 theologia
500 2443 644 2500 orthodoxa
664 2455 740 2500 esset.
775 2448 848 2502 Haec
868 2457 957 2502 autem
974 2466 1004 2501 ex
1021 2446 1079 2522 ipsa
1096 2444 1156 2502 An·
1251 2485 1254 2498 .

216 2526 404 2582 tiochenorum
426 2527 516 2582 indole
541 2539 602 2584 nata
629 2530 729 2585 sensim
751 2551 783 2588 ac
809 2533 963 2634 paullatim
972 2533 1076 2590 radices
1096 2531 1156 2605 egit,
1243 2533 1245 2544 '
1353 2538 1356 2551 '

205 2609 294 2670 ¹cuius
315 2613 473 2678 Theodorus
499 2633 555 2670 uon
575 2627 684 2680 auctor,
715 2619 760 2672 sed
785 2620 956 2690 gravissimus
981 2620 1034 2674 dux
1052 2618 1157 2672 exstitit.

215 2699 309 2774 ltaque
322 2700 352 2752 in
364 2702 482 2755 ecclesiis
495 2701 670 2756 orientalibus
684 2704 874 2757 exclamatum:
899 2701 1015 2766 αὐξιίιιι
1029 2701 1048 2772 ἤ
1061 2707 1159 2760 ’πίστις

216 2783 372 2854 Θεοδώρου·
399 2783 469 2840 οὕτω
497 2784 662 2852 πιστεύομεν
690 2783 724 2842 uis
750 2786 887 2860 Θεόδωροι
913 2786 949 2844 01.
979 2787 1074 2858 Cyrtll.
1093 2786 1112 2840 1.
1132 2806 1157 2842 c.

214 2889 244 2940 p.
266 2869 326 2920 197.
348 2876 374 2918 et
391 2867 525 2922 Theodori
550 2867 703 2922 orthodoxia
721 2869 872 2924 diutissime
891 2891 974 2944 quam
993 2873 1051 2927 lieri
1068 2870 1159 2946 potuit

217 2951 330 3004 maxime
349 2952 484 3006 vindicata.
528 2952 611 3022 Quod
630 2971 692 3044 pero
709 2953 953 3012 Alexandrinorum
972 2957 1051 3013 furor
1066 2951 1158 3031 primo

215 3037 246 3113 iq
269 3035 423 3090 Nestorium
449 3037 620 3109 potissimum
645 3057 673 3092 se
701 3043 842 3104 convertit,
867 3043 896 3096 id
915 3044 1064 3098 rationibus
1083 3041 1158 3096 illius

220 3123 365 3192 temporis,
385 3143 440 3176 non
455 3142 550 3176 causae
562 3123 697 3178 Theodori
715 3125 826 3192 bonitati
841 3127 1023 3182 tribuendum.
1040 3153 1075 3172 ι-
1110 3125 1159 3181 Ce-
1210 3141 1212 3153 ¹

220 3216 310 3270 terum
336 3207 414 3260 multi
442 3207 539 3280 procul
564 3209 648 3262 dubio
674 3208 817 3263 Theodoro
838 3220 897 3262 tum
916 3209 1075 3264 Antiochiae
1095 3219 1157 3264 tum

218 3291 399 3362 Mopsuestiae
428 3303 501 3346 eraut
521 3292 666 3364 discipuli,
690 3293 735 3344 sed
755 3293 786 3346 ad
807 3313 851 3347 eos
871 3295 1027 3348 Nestorium
1044 3295 1159 3349 releren·
1192 3347 1197 3355 ,

216 3369 287 3429 'dum
307 3393 362 3428 esse
381 3393 457 3446 nego.
484 3377 540 3430 *Est
559 3378 629 3432 enim
648 3377 832 3446 manifestum,
855 3379 1027 3436 Theodorum
1040 3379 1158 3436 Nestorii

141 3449 144 3468 ¹
220 3461 380 3532 magistrum
404 3473 495 3534 utpote
516 3464 660 3518 nestoriani
680 3466 778 3529 erroris
792 3465 929 3521 auctorem
940 3487 955 3522 a
968 3467 1100 3521 veteribus
1115 3485 1159 3521 ro-

220 3543 707 3618 cartctwracrasttt
742 3554 816 3612 7..7
851 3555 1036 3616 10,1..25
1072 3555 1158 3616 11‚1.

223 3631 259 3688 cl.
280 3631 297 3684 l.
320 3635 351 3692 9,
374 3633 400 3688 3.
436 3637 485 3699 11,
505 3635 530 3688 7.
571 3637 710 3690 Iustinian.
741 3657 785 3710 cp.
802 3637 915 3694 Bandiu.
933 3638 953 3693 1.
970 3641 989 3694 1.
1009 3640 1033 3695 Ι.
1025 3659 1078 3712 ..Ρ
1098 3640 1157 3698 169.
1243 3663 1246 3670 ’
1309 3701 1313 3712 ¹

222 3716 258 3770 cl.
288 3736 315 3788 Ρ.
338 3720 398 3774 182.
435 3719 530 3789 Cyrill.
554 3721 572 3778 1.
594 3741 617 3776 c.
643 3743 671 3792 Ρ.
694 3725 753 3780 197.
773 3725 834 3780 198
856 3723 976 3796 (Theod.
993 3717 1093 3778 Raitlm
1115 3726 1158 3776 ed.

224 3801 352 3874 Carpzor.
387 3803 498 3857 Helmst.
517 3807 592 3862 1779.
612 3805 638 3860 4.
656 3826 684 3878 Ρ.
675 3811 740 3863 .27.
764 3805 819 3864 vic's
835 3799 870 3879 ἦν
887 3795 1018 3880 (Necr)
1015 3829 1064 3862 του
1050 3803 1159 3862 ’Κίλι-
1192 3797 1195 3816 ’
1310 3801 1313 3808 ’

133 3908 134 3919 ¹
224 3905 271 3942 stoc
294 3885 417 3960 (nect),
448 3889 497 3945 τοῦ
525 3889 554 3946 dd
580 3896 763 3962 Σαμοσατέιιι
785 3891 968 3964 (Hciicv)’
949 3891 1090 3966 unc'yct‘ct·
1116 3891 1158 3946 1¹1

224 3970 345 4024 encomio
379 3975 450 4028 arab.
480 3975 509 4029 in
532 3977 661 4032 Iacobitas
690 3974 847 4034 Theodorus
871 3979 988 4034 Nestorii
1010 3998 1041 4033 ex
1066 3997 1158 4034 sorore
1218 4007 1220 4014 ·

222 4073 308 4128 nepos
326 4055 437 4114 dicitur!
465 4062 500 4116 cl.
517 4065 620 4118 Assem.
637 4065 671 4118 1).-
683 4083 707 4118 c.
727 4063 748 4119 Ι.
769 4087 797 4139 Ρ.
809 4069 877 4138 60.)
911 4065 963 4120 Sed
979 4065 1064 4120 multa
1082 4059 1180 4118 debet¹

224 4140 367 4195 Nestorius
390 4141 545 4209 Theodoro,
569 4147 648 4204 cuius
664 4161 688 4204 et
706 4149 788 4206 libros
805 4151 896 4224 legerit
915 4149 1158 4225 quemquejpsum

187 4257 191 4270 ·
224 4225 303 4282 etiam
322 4230 481 4300 cognoverit.
504 4233 550 4290 el.-
562 4233 624 4292 tot.
641 4233 670 4292 in
688 4235 749 4295 tter.
768 4237 852 4297 Ccuc.
871 4236 970 4312 Epiros.
988 4237 1011 4294 1.
1028 4257 1057 4311 Ρ.
1079 4235 1156 4298 1529.
