2938 5240
1046 477 1049 482 ,
1102 507 1141 612 ⁵⁴⁴

187 689 340 756 Fratrem
353 685 468 754 habuit
482 687 762 778 Polychronium,
785 689 820 762 St
833 691 986 770 zebinae
988 705 1121 770 serene

82 791 282 880 discipulum
297 803 330 856 et
333 792 534 873 aemulum,
557 793 634 881 poet
652 817 865 912 apamensem
880 817 1072 884 episcopum
1080 797 1120 882 ¹)

79 891 284 978 Paeaninm‚
324 893 437 959 virum
472 895 641 979 nobilem,
671 897 730 982 qui
759 899 810 964 in
807 899 1015 986 magistratu
1038 911 1119 987 erat,

78 1007 259 1082 cognatum
278 993 430 1086 (ανεψιόν)
445 992 485 1084 2).
508 989 626 1084 Quum
639 999 744 1065 vitam
759 1003 1004 1086 quaestuariam
1020 1001 1119 1068 scho-

77 1099 185 1165 lastici
205 1122 228 1162 e.
250 1099 426 1181 causidici,
448 1113 646 1187 quamtum
669 1101 748 1167 fere
761 1103 849 1170 inire
870 1105 1038 1188 solebant,
1059 1103 1119 1190 qui
1208 1103 1214 1116 '

76 1203 119 1266 ad
143 1202 278 1288 amplos*
300 1203 456 1269 honores
469 1203 622 1290 publicos
645 1204 800 1272 accedere
817 1205 1011 1294 cupiebant,
1043 1227 1119 1272 am·

74 1301 179 1394 plecti
205 1305 327 1387 vellet,
361 1306 523 1391 Libanio,
561 1305 743 1374 clarissimo
764 1306 853 1375 illius
874 1306 1123 1395 temporisjsud

73 1407 203 1496 phiata,
231 1421 448 1498 praeceptore
474 1408 660 1478 rhetoricae
685 1431 854 1484 unacum
878 1408 1117 1498 Chtyaostomo

76 1523 110 1582 et
136 1512 307 1587 Maximo,
334 1524 411 1600 post
431 1513 600 1578 Seleuciae
621 1513 657 1579 in
678 1511 808 1578 Isauria
828 1528 896 1598 cp,
917 1536 995 1578 usus
1010 1523 1058 1578 est
1075 1511 1117 1594 3).

72 1601 209 1679 Iurenis
223 1613 334 1693 dives,
358 1627 395 1682 ut
412 1626 492 1698 erat,
514 1616 605 1682 vitae
622 1615 754 1680 delicias
768 1625 802 1683 et
815 1614 1014 1700 elegantiam
1030 1637 1119 1694 neu,-

71 1715 202 1798 tiquam
217 1715 354 1802 sprevit,
367 1733 578 1799 ¹quamquam
595 1716 704 1780 laudis
718 1715 858 1799 cupidus
873 1717 1022 1802 prolenis
1036 1719 1117 1786 lite-
1160 1708 1169 1772 s

71 1819 119 1883 rie
140 1815 270 1882 assidue
282 1815 411 1882 studuit
425 1813 464 1907 4).
505 1816 617 1881 Aliter
629 1837 712 1879 vero
728 1815 986 1902 chrysostomus
998 1819 1118 1907 Tiren-

72 1917 148 1984 dori
167 1916 309 2002 amicus,
331 1917 388 2006 qui
406 1917 484 1984 licet
503 1931 536 1984 et
556 1915 626 2006 ipse
642 1916 747 1982 nobili
765 1919 840 1982 loeo
855 1930 951 1984 natus
966 1931 1050 1984 esset
1063 1913 1117 1986 et*

72 2043 138 2107 qne
164 2021 306 2088 eandem
331 2019 422 2088 vitae
443 2020 608 2088 rationem
637 2040 737 2105 quam
764 2020 964 2088 Theodorus
981 2021 1116 2107 ingredi

178 2276 312 2339 tissimus,
328 2275 375 2348 qui
389 2278 520 2333 nonnulla
533 2279 624 2333 minus
639 2287 709 2333 recte
722 2275 916 2340 annullassent,
931 2277 959 2331 in
972 2276 1113 2331 nonnullis
1140 2314 1143 2318 -

60 2399 64 2417 .
177 2363 256 2416 etiam
275 2372 420 2424 errassent,
439 2365 527 2417 sedin
541 2362 741 2436 ecclesiaepace
755 2362 897 2424 obiissent,
915 2362 1045 2430 damnaris
1079 2362 1115 2416 Ιιι

176 2467 230 2520 qna
256 2448 388 2502 sententia
405 2469 468 2504 cnm
485 2455 664 2520 perseveraret
680 2450 710 2502 in
731 2448 853 2502 exsilium
874 2459 947 2502 actus
969 2448 1070 2502 librum
1088 2465 1115 2502 c·

148 2579 151 2598 ,
175 2533 336 2588 Mocianum
354 2532 477 2589 scholast.
494 2543 519 2588 et
539 2533 678 2605 epistolam
691 2531 751 2586 fidei
764 2532 907 2588 catholicae
921 2533 950 2586 in
963 2530 1113 2586 defensione
1210 2539 1211 2545 ’

176 2619 260 2674 trium
282 2619 463 2692 capitulorum
476 2617 597 2692 scripsit,
618 2637 647 2670 ex
666 2613 763 2689 quibus
783 2617 881 2672 libellis
892 2605 965 2670 'eum
976 2627 1033 2670 tum
1047 2615 1114 2670 cala«

175 2705 311 2758 anitatibus
335 2723 457 2775 pressum
477 2714 502 2757 et
519 2703 609 2756 animo
628 2705 773 2773 aegerrimo
790 2705 871 2756 fuisse
892 2709 1010 2774 apparet.
1044 2697 1113 2752 Eius

159 2809 222 2865 ὀρ.
243 2790 283 2845 ed.
302 2790 384 2860 prim.
405 2789 491 2843 Iacob.
512 2788 647 2842 Sirmond.
681 2789 767 2837 Paris.
787 2789 863 2839 1629.
877 2788 919 2844 8.,
936 2781 1030 2845 deinde
1042 2792 1112 2837 auct.

175 2887 201 2928 et
215 2874 318 2926 emend.
331 2873 360 2923 in
370 2873 507 2924 sirmondi
523 2885 596 2942 oper.
610 2869 688 2920 variis
701 2887 723 2920 a.
734 2871 812 2924 1696.
826 2867 895 2920 edita
909 2875 980 2918 sunt.
1010 2865 1112 2938 Legun·
1164 2918 1167 2922 ,
1203 2893 1224 2940 ¹·

174 2969 220 3014 tur
233 2957 312 3010 etiam
322 2956 351 3010 in
365 2955 496 3011 Gallaudii
511 2954 576 3008 bibl.
591 2963 659 3024 patr.
672 2951 705 3004 T.
717 2951 766 3004 xl.
784 2972 813 3024 p.
827 2953 877 3007 665
891 2971 931 3023 sq.
960 2949 1052 3004 Editio
1064 2951 1112 3006 Fa·

175 3041 255 3098 cundi
268 3051 357 3098 veneta
370 3061 393 3095 a.
410 3044 486 3097 1729.
502 3038 616 3113 prodiit,
633 3037 678 3093 sed
691 3036 794 3093 mendis
806 3037 944 3109 inquinata
961 3045 1010 3098 est,

124 3147 150 3214 1)
168 3141 209 3196 cf.
227 3140 385 3194 Theodoret.
401 3141 430 3194 1ι.
446 3140 495 3196 rel.
512 3158 536 3192 c.
549 3140 592 3192 24.
612 3136 639 3189 1ι.
656 3156 680 3190 e.
698 3138 728 3200 5,
744 3139 787 3193 39.
822 3136 958 3190 Permulta
970 3136 1000 3189 in
1013 3135 1111 3192 catenis

28 3253 31 3261 r
139 3270 143 3288 ,
176 3225 216 3278 ed.
237 3236 263 3277 et
287 3225 356 3278 ined.
380 3225 410 3278 in
431 3225 466 3277 V.
492 3223 527 3276 T.
544 3220 717 3293 Polychronii
739 3220 849 3274 nomine
866 3230 954 3273 notata
972 3221 1112 3290 leguntur,

175 3309 219 3362 sed
237 3327 270 3359 an
287 3307 430 3378 Apamensi
449 3310 508 3361 iure
525 3309 679 3360 tribuantur
697 3305 764 3357 milri
779 3304 899 3376 nondum
917 3304 979 3356 tatis
997 3293 1124 3359 constat(
1202 3339 1206 3352 .

175 3391 254 3446 Haud
277 3411 364 3464 pauca
384 3402 453 3446 certe
477 3389 651 3461 Polychronii
677 3387 780 3444 diaconi
800 3397 876 3450 sunt,
895 3385 1111 3459 1ιιιιὶιιοιιιιιιῙΙιὶ

176 3487 280 3532 catenas
304 3476 503 3532 consarcinavit.
539 3477 634 3548 Nuper
656 3477 726 3546 Aug.
753 3473 871 3528 Maius
862 3491 893 3526 ιιι
910 3472 1034 3549 scriptor.
1050 3483 1111 3528 vett.

171 3580 232 3648 pov.
251 3561 355 3617 collect.
373 3572 454 3617 evat.
474 3561 532 3619 odd
551 3561 591 3614 ed
609 3561 631 3614 1
650 3557 856 3630 (Romae1825
864 3558 943 3626 4-l2.
961 3559 1148 3642 p.1052q

172 3629 258 3700 inulta
277 3649 532 3704 commentariorum
549 3645 746 3715 Polychronii
739 3662 768 3697 ιιι
782 3642 922 3698 Danielem
939 3641 1028 3697 edidit.
1064 3642 1112 3698 Ce-

175 3741 302 3784 terumr.
320 3733 463 3790 Fabricl.
483 3732 502 3785 1.
519 3751 547 3803 p.
561 3733 621 3787 362
636 3732 696 3788 363·

122 3833 151 3899 2)
171 3829 214 3882 Cf
230 3829 365 3901 Chrysost.
383 3851 425 3904 ep.
440 3831 501 3886 204.
519 3830 568 3884 ΙΙΙ.
586 3849 614 3902 p.
608 3827 687 3886 ,714.

122 3933 151 4001 3)
168 3928 212 3984 Cl.
228 3927 330 3984 soma
344 3931 371 3986 h.
385 3952 408 3986 e.
424 3935 449 3992 6,
464 3933 490 3990 3.
526 3926 632 3982 Sozam.
645 3926 674 3980 h.
687 3946 710 3980 e.
732 3929 796 3991 8,.2
831 3885 1113 3994 Andragatlriumplri·

139 4011 325 4086 losophum
346 4018 468 4073 docuisse
492 4014 668 4070 Theodorum
693 4021 835 4068 temeres.
853 4007 879 4061 d.
900 4008 934 4066 cl.
951 4006 1010 4066 1.1.
1028 4004 1168 4080 perlui·

179 4100 305 4155 buerunt.
340 4101 417 4159 Phor.
435 4124 459 4159 e.
471 4105 515 4158 96.

127 4185 155 4258 4)
173 4183 216 4241 cf.
236 4184 372 4260 Chrysost.
392 4187 411 4242 1.
431 4207 458 4261 p,
472 4188 516 4246 36.
