2938 5240
289 501 291 508 ,
338 487 417 642 2³⁶,

368 715 392 780 l.
405 719 453 796 r.;
473 709 550 777 Fac.
566 711 641 795 &65
663 717 738 794 „'·-·
758 705 1008 797 impugnatores
1029 727 1054 772 s.
1076 702 1198 794 synodi
1213 700 1410 792 (Chalced.)

367 817 419 884 ob'
440 815 504 892 hoo
532 810 574 881 de
601 809 662 876 illo
689 809 753 876 ista
779 809 922 890 iactare,
950 807 1040 897 quod
1066 807 1106 874 in*
1131 806 1411 898 interpretatione

364 921 418 986 Po.
454 913 617 1002 quaedam
650 911 823 980 moraliter
859 911 1051 1001 exposuisse
1083 909 1228 995 (foetur,
1259 933 1346 996 quae
1370 909 1410 976 in

236 991 241 1016 ⁸
307 1079 310 1082 .
363 1017 535 1087 Christum
561 1014 667 1102 magis
696 1015 785 1080 dicta
813 1013 935 1082 debent
953 1011 1129 1100 intelligi.“
1169 1013 1407 1094 Theodorum,

363 1126 408 1190 ita
426 1122 494 1202 illi,
518 1121 577 1206 qui
588 1117 718 1186 iudaice
735 1115 885 1184 Psalmoa
899 1116 1057 1184 historiae
1070 1115 1156 1182 iusto
1171 1115 1277 1202 magis
1292 1125 1409 1203 aptas-

314 1279 315 1288 ,
362 1237 429 1308 set,
456 1221 614 1312 vaticinia
642 1220 684 1284 de
712 1220 844 1286 Christo
873 1241 1060 1286 evacuasse.
1114 1217 1180 1282 Sed
1210 1217 1281 1305 ipse
1303 1219 1409 1283 etiam

358 1341 437 1418 post
456 1326 601 1410 ingenue
621 1319 792 1409 professus
813 1332 879 1404 est,
905 1343 941 1388 ae
958 1319 993 1386 in
1009 1321 1061 1386 Ps.
1078 1319 1410 1407 explicandis'multe

358 1448 528 1520 peoonsse,
550 1441 584 1490 r.
605 1443 660 1508 ap.
683 1421 759 1488 Fae.
775 1424 816 1508 8,
838 1427 873 1492 6.,
893 1457 969 1508 ,,-
998 1421 1083 1488 Non
1106 1433 1220 1489 autem
1243 1431 1409 1510 quantam

361 1538 561 1620 oportuerat
581 1510 772 1592 'habuimus
807 1525 896 1618 eirea
923 1524 1019 1594 istam
1045 1546 1119 1590 rem
1147 1523 1307 1612 (interpr,
1332 1521 1409 1610 Ps.)

358 1629 576 1720 diligentiam.
618 1625 712 1712 Pessi
741 1626 831 1696 enirn
861 1649 976 1702 sumus
999 1647 1216 1716 quaeeunque
1237 1623 1409 1712 incipien-

358 1749 408 1802 tes
429 1745 467 1800 ut
481 1729 596 1800 evenit
608 1725 647 1794 in
658 1729 833 1818 imperitia
844 1731 1012 1801 scribendi
1027 1730 1216 1814 constituti,
1240 1729 1407 1815 siquidem

358 1851 393 1904 et
411 1837 535 1902 multas
554 1831 806 1899 immutationes
827 1833 886 1898 illo
904 1845 1074 1919 tempore,
1097 1843 1183 1916 'quae
1197 1844 1313 1899 nostra
1324 1843 1408 1897 sunt

357 1946 591 2024 susceperunt,
619 1953 702 2016 quas
730 1958 802 2000 non
830 1947 881 2000 est
907 1934 1090 2024 praesentis
1111 1934 1273 2022 temporis
1299 1957 1408 2002 enar-

354 2063 449 2123 rare,
471 2061 516 2104 ex
535 2057 600 2122 qun
621 2057 719 2102 causa
737 2035 842 2122 magis
855 2035 1062 2122 negligenter
1076 2059 1095 2102 a
1108 2036 1205 2102 nobis
1217 2038 1407 2127 composita

354 2152 435 2208 sunt
455 2138 601 2228 plurima
624 2148 657 2201 et
678 2139 827 2211 maxime
848 2139 924 2224 illo,
948 2139 1277 2228 quaeprimasunt.“
1321 2137 1406 2205 Duo

355 2242 410 2311 his
432 2238 545 2320 verbis
567 2239 774 2324 enuntiavit,
798 2263 924 2330 unum,
944 2263 981 2306 ae
1002 2263 1080 2305 cnm
1097 2243 1201 2308 libros
1224 2242 1301 2310 adr.
1318 2245 1408 2310 alle-

356 2339 496 2434 goristae
517 2341 701 2432 scripsisset
720 2342 757 2408 in
777 2339 891 2409 multia
910 2340 1005 2408 aliter
1023 2354 1123 2430 atque
1139 2338 1236 2410 antea
1248 2346 1408 2432 sensisse,

355 2450 518 2530 alterum,
560 2471 581 2514 a
608 2470 644 2514 se
669 2450 775 2533 magis
796 2443 1001 2531 negligenter
1023 2447 1207 2542 composite
1227 2469 1298 2513 esse
1319 2449 1408 2536 plu-

262 2573 266 2590 ·
354 2549 444 2617 rima
463 2549 502 2614 in
523 2547 596 2633 rs,
623 2548 682 2616 illa
700 2547 849 2614 maxime
868 2567 954 2632 quae
967 2547 1079 2635 prima
1094 2562 1203 2616 essent
1219 2549 1242 2616 i'.
1257 2573 1286 2616 e·
1299 2572 1407 2636 prae-
1466 2582 1467 2603 ς

352 2651 535 2740 sationem,
566 2673 599 2717 v.
625 2649 687 2717 inf.
731 2649 894 2717 statuerit
923 2673 1003 2716 vero
1030 2662 1145 2739 posteo
1167 2651 1208 2716 de
1228 2654 1405 2720 nonnullis

250 2747 253 2758 Α
352 2757 407 2822 Ps.
428 2753 545 2835 aliter}
565 2753 729 2820 nonnulla
749 2754 850 2820 etiam
873 2753 945 2819 loca
964 2754 1061 2822 aliter
1082 2756 1304 2836 enarraverit,
1325 2756 1405 2844 pri·-

354 2855 463 2920 maria
481 2851 640 2946 profecto
670 2855 845 2920 Theodori
871 2859 996 2942 prioris
1018 2870 1050 2922 et
1070 2857 1262 2946 posterioris
1283 2857 1405 2924 direr-

324 3009 327 3014 .
353 2957 434 3021 sitas
452 2955 488 3019 in
510 2954 786 3042 interpretatione
807 2956 961 3022 locorum
982 2958 1045 3022 sita
1066 2959 1193 3023 eratin
1215 2961 1260 3026 N.
1282 2961 1325 3024 T.
1349 2962 1403 3027 oi-

354 3070 521 3138 tatorum,
541 3053 593 3120 sle
619 3076 687 3142 qua
711 3055 801 3121 haud
829 3057 929 3123 dubie
951 3059 1105 3148 pluribus
1126 3060 1162 3125 in
1183 3060 1241 3126 illa
1261 3063 1402 3149 praefa-

354 3163 449 3230 tione
480 3160 718 3248 disputaverat.
761 3159 811 3226 At
841 3181 919 3226 oum
948 3181 1025 3226 auos
1050 3162 1087 3228 in
1116 3163 1168 3228 Pa.
1187 3177 1401 3230 commento.-

354 3267 423 3332 rios
453 3263 661 3351 vituperaret
689 3280 800 3348 neque
826 3261 869 3329 ad
899 3264 1057 3353 typicam
1071 3286 1168 3330 suam
1190 3265 1401 3354 interpreta-

246 3359 248 3368 '
300 3393 306 3400 ·
352 3368 501 3447 tionem,
525 3385 626 3450 quam
647 3374 724 3450 post
745 3366 1015 3434 constantissime
1034 3381 1166 3436 secutus
1187 3379 1236 3432 est
1255 3381 1288 3434 et
1310 3390 1399 3454 quae

351 3467 502 3534 iudaicae
534 3465 713 3556 impietatis
746 3467 1042 3552 reprehensionem
1068 3469 1264 3554 neutiquam
1293 3473 1397 3560 cepit,

352 3591 462 3656 neque
484 3567 525 3632 ad
547 3576 707 3654 quattuor
725 3564 801 3632 illos
816 3569 890 3656 Pe,
911 3589 996 3656 quos
1010 3570 1150 3660 proprie
1167 3569 1209 3636 ed
1223 3570 1396 3642 Christum

354 3789 558 3808 w

459 3951 508 4006 καὶ
526 3947 587 4009 eois
600 3951 652 4020 pir
669 3979 703 3994 ·-
720 3978 754 3994 ··
770 3949 869 4025 seipsis,
893 3951 955 4010 eote
979 3950 1009 4008 δέ
1024 3973 1096 4009 τισιν
1111 3951 1238 4028 ἱστορίαις
1251 3955 1303 4024 τήν
1319 3979 1393 4031 προ.

455 4039 570 4105 operior
593 4031 780 4106 ἁρμόσαντας,
808 4034 843 4095 oio
875 4033 1018 4096 Ἰουδαίοις
1038 4039 1146 4109 μᾶλλον
1171 4041 1222 4110 ςὴν
1243 4039 1392 4110 ἑρμηνείαν

451 4119 609 4260 pprpaypprsltp
625 4116 644 4190 ἢ
659 4123 715 4182 τοῖς
742 4126 886 4198 montuoso
909 4121 957 4196 τῆς
974 4127 1092 4208 ⁴nistros
1114 4155 1164 4178 -·
1197 4131 1321 4182 nostrum
1345 4128 1389 4184 iu·
1459 4142 1460 4159 ¹

477 4219 504 4271 n
597 4242 605 4260 ·
716 4237 720 4244 ·
