2938 5240
319 511 366 590 ld

320 703 398 774 taho
437 699 551 772 etiam
573 697 730 768 eeclesiae
761 697 934 768 invidiam·
960 723 1001 768 eo
1035 700 1098 769 sibi
1134 702 1366 788 contraiisset,

318 807 411 899 quod
432 803 690 892 Pelagiaoorum
714 802 940 892 patrocinium
952 817 1146 895 susceperat
1159 803 1203 893 ¹),
1223 807 1259 872 in
1273 821 1368 874 tem·

316 935 402 1002 pore
423 931 504 976 sane
523 931 552 973 a.
572 903 649 973 428.
670 907 707 974 in
726 903 880 972 eeclesiae
903 928 983 994 pase
998 905 1030 994 ²)
1052 931 1251 998 sppremum
1272 911 1366 977 diem

260 1063 261 1068 ,
301 1014 411 1082 obiit.
454 1011 525 1080 Vix
543 1010 635 1075 onim
659 1021 815 1076 mortuus
836 1020 1028 1090 ambesum
1049 1007 1367 1102 magnacupiditate

316 1117 354 1184 in
381 1136 460 1182 eum
488 1112 677 1178 saeviretur
691 1110 733 1196 ³).
785 1109 836 1177 At
866 1124 1002 1180 centum
1027 1113 1163 1182 demum
1191 1127 1224 1181 et
1244 1113 1366 1200 viginti

316 1220 465 1310 quinque
488 1214 584 1282 annis
602 1209 693 1301 post,
712 1213 851 1279 eeclesia
876 1216 988 1280 multis
1003 1217 1097 1282 ‘rixis
1109 1231 1144 1284 et
1158 1217 1263 1286 turbis
1278 1240 1364 1282 oon-

315 1329 484 1412 quassats,
505 1313 578 1380 eius
597 1315 760 1394 memoria
780 1315 993 1384 anathemate
1016 1320 1184 1406 obsignari
1197 1319 1317 1411 potuit.

416 1451 470 1517 De
492 1445 628 1535 ingenio
644 1445 817 1515 Theodori
839 1448 953 1538 paucis
975 1453 1157 1518 absolvam.
1198 1455 1280 1520 Non
1301 1476 1361 1520 ca-

264 1573 272 1584 ·
314 1554 384 1623 ruit
403 1549 486 1618 illud
507 1549 663 1635 fervore,
686 1551 745 1616 sed
766 1551 835 1635 ita,
855 1564 892 1618 ut
914 1555 1035 1620 mentis
1055 1553 1170 1622 omnia
1185 1555 1248 1622 rite
1267 1577 1360 1644 pon·

314 1655 465 1724 derantis
486 1653 708 1740 tranquillitas
729 1677 863 1746 semper
882 1658 1092 1744 praevaleret
1109 1656 1271 1743 illumque
1283 1657 1361 1724 fer-

313 1781 434 1830 vorem
469 1767 708 1847 compesceret.
758 1759 923 1844 Egregiae
957 1761 1084 1824 multae
1117 1759 1222 1824 animi
1242 1758 1359 1839 dotes,
1454 1767 1455 1774 ’

311 1883 422 1947 neque
436 1871 552 1924 tamen
562 1859 730 1944 singulare
740 1857 934 1944 ingenium,
956 1862 1054 1944 quale
1074 1873 1123 1926 est
1135 1860 1359 1948 paucissimo-

311 1988 390 2033 rum
412 1959 606 2040 hominum‚
638 1983 720 2048 quos
741 1961 857 2028 divino
879 1962 999 2028 afflatu
1019 1962 1199 2030 concitatos
1220 1963 1356 2029 dixeris.

310 2069 439 2184 Magna
456 2062 638 2144 industria,
660 2084 730 2130 non
751 2064 1017 2130 contemnendae
1030 2065 1202 2130 literarum
1212 2065 1357 2155 ,inpri-
1384 2075 1390 2078 “

298 2171 376 2254 Διιιίε
400 2187 571 2230 sacrarum
602 2186 719 2252 copiae
732 2163 783 2277 ⁴)
828 2167 894 2232 Sed
918 2167 1155 2256 philosophiae
1177 2169 1366 2236 interiores⁴

309 2289 459 2342 recessus
482 2265 616 2332 videtur
642 2291 711 2332 non
729 2281 931 2360 penetrasse.
973 2271 1030 2336 Ne
1050 2271 1168 2336 multa.
1210 2269 1354 2337 Abalus
1455 2265 1456 2316 l

310 2378 453 2443 inventa
466 2369 557 2436 facili
574 2371 708 2455 negotio
722 2394 784 2438 sua
800 2371 898 2452 fecit,
928 2370 1053 2460 optime
1065 2372 1255 2462 perspexit,
1277 2395 1354 2440 am-

309 2473 478 2568 plificavit
494 2471 593 2538 etiam
611 2473 715 2560 iisque
731 2474 856 2542 addidit
870 2499 972 2544 nova.

411 2606 506 2674 Talis
526 2627 605 2670 eum
627 2617 711 2671 esset
729 2631 798 2672 nou
815 2628 940 2673 novam
955 2605 1137 2704 quidem
1103 2591 1195 2673 vrim
1209 2608 1350 2696 aperuit,

265 2721 269 2730 “
308 2711 502 2834 liberiorem
516 2705 629 2798 tamen
644 2710 776 2776 scholae
790 2712 1007 2828 antiochenae
1021 2707 1240 2798 disciplinam,
1262 2731 1351 2796 quae

1279 2814 1349 2879 eius

307 2891 510 2914 m

316 3057 324 3078 ι
413 3027 496 3100 Quod
512 3035 576 3080 teste
592 3027 705 3098 Evagrio
722 3023 750 3078 h.
766 3041 791 3081 e.
808 3027 833 3087 1,
846 3027 873 3081 2.
891 3024 1046 3080 Theodulus
1060 3025 1176 3086 rettulit,
1192 3026 1347 3082 Nestorium

270 3120 273 3127 ’
346 3147 358 3169 ι
410 3136 437 3170 a.
457 3116 520 3170 428.
546 3110 796 3184 Constantinopolin
829 3111 1039 3181 proficiscentem
1063 3110 1239 3183 Mopsuestiae
1263 3110 1369 3165 Theo--

300 3207 303 3214 ’
411 3199 510 3256 dorum
523 3199 683 3263 convenisse,
701 3217 757 3251 uon
769 3197 878 3268 quidem
891 3216 954 3273 oum
968 3207 1121 3268 temporum
1133 3196 1238 3266 ratione¹
1247 3208 1347 3268 pugnat

325 3311 328 3320 ,
409 3287 536 3354 (Garum.
554 3284 617 3337 diss.
635 3281 659 3347 Ι,
676 3281 784 3336 historia
801 3281 960 3335 Theodoreti
977 3301 1002 3336 c.
1016 3279 1042 3335 4.
1060 3283 1085 3337 4.
1101 3303 1127 3341 r.
1148 3273 1209 3349 s.),'
1220 3283 1266 3336 sed
1287 3282 1345 3335 ideo

410 3377 566 3440 suspectum
583 3366 677 3428 habeo,
696 3367 768 3438 quod
780 3367 894 3426 additur,
912 3368 1067 3421 Nestorium
1080 3367 1214 3423 Theodosi
1225 3365 1344 3421 doctrina

409 3462 483 3508 lum
508 3449 596 3504 audita
619 3460 721 3505 areola
738 3451 834 3524 pietate
852 3451 991 3504 deflexisse.

358 3571 387 3640 1)
405 3568 447 3620 De
465 3565 629 3625 rationibus,
647 3583 715 3638 quae
731 3565 873 3619 Theodoro
892 3582 954 3619 cum
969 3563 1114 3636 Pelagiauis
1131 3557 1343 3625 intercesserunt,

409 3651 479 3706 infra
495 3650 645 3724 dispuubo.

355 3758 384 3825 2)
403 3751 445 3812 cf.
463 3771 486 3805 v.
505 3769 529 3804 c.
546 3749 649 3808 Fae-2,
667 3750 733 3804 1.2.
767 3749 809 3811 10,
827 3749 855 3824 ¹⁶.

344 3853 458 3922 ¹Silam
476 3851 548 3906 Mar.
568 3849 655 3903 Mero.
680 3848 699 3902 l.
717 3867 742 3902 e.
765 3867 793 3921 p.
813 3850 873 3904 700.
898 3845 1085 3907 Theodorum,
1115 3843 1219 3918 inquit,
1249 3861 1340 3897 omnes

407 3937 462 3989 fere
486 3935 608 3989 catholici
626 3931 787 3987 haereticum
805 3951 861 3984 esse
877 3940 1049 4002 eognoscunt.
1241 3959 1243 3963 ,

354 4034 507 4110 4)’Sozom.
533 4033 551 4084 l.
575 4033 595 4084 l.
618 4039 650 4088 Θ.
673 4031 743 4102 ιῖνήρ
766 4037 813 4086 sat
835 4027 891 4084 sair
913 4025 993 4100 ἱερῶν
1014 4030 1117 4102 βίβλων
1133 4035 1180 4086 asel
1196 4026 1245 4096 τῆς
1259 4022 1339 4094 ἄλλης

405 4117 566 4176 necletae‘
550 4116 675 4188 ρητόρων
697 4118 727 4172 τὲ
750 4123 798 4172 stul
822 4111 1016 4184 φιλοσόφων
1003 4113 1095 4175 exuviis
1113 4108 1290 4186 (ικανῶσῗ)’
1275 4131 1337 4167 επι-

405 4203 524 4275 στήμων.
557 4199 653 4256 Paullo
671 4210 732 4276 post
746 4197 897 4274 salulutare
915 4198 1021 4256 dieitur.

1414 4159 1429 4192 Ν
