2916 5230
233 631 237 638 ’
327 695 330 700 ,
411 633 657 709 Theodoride
685 639 772 709 libro
802 640 879 708 Ic‘bi·
902 637 1068 710 sententia
1098 637 1145 726 (r.
1167 637 1293 726 fragm.
1314 637 1351 704 ln

219 777 225 788 ·
310 743 386 814 Act.
411 746 515 812 Cone.
537 743 648 810 const.
665 744 709 810 Il.
730 743 753 810 l.
768 743 792 810 l.
814 753 848 810 et
865 743 985 812 Leont.
1005 744 1026 810 l.
1040 765 1068 810 r.
1090 765 1121 832 p.
1134 740 1241 826 osa),
1265 762 1354 827 quae

311 871 390 916 sane
411 845 607 938 orthodoxis
628 844 835 914 stomachum
858 869 997 912 movere
1018 845 1174 926 debebat,
1209 845 1274 908 buc
1294 865 1354 938 ref
1446 879 1447 926 p

313 952 372 1021 dit.
416 949 519 1016 Iobus
542 971 562 1016 a
583 938 757 1038 scriptore
774 948 851 1014 libri
872 947 979 1037 probe
993 947 1246 1014 discernendus.
1288 947 1354 1011 Ille

311 1053 501 1120 humberet
517 1053 694 1134 barbarus,
716 1048 876 1133 Edo'mita
890 1073 1022 1138 genere,
1044 1061 1077 1116 et
1093 1053 1235 1140 probus,
1257 1047 1354 1114 cuius
1378 1058 1388 1070 ⁸

312 1155 450 1231 historia
480 1153 660 1239 „maxima
688 1164 720 1219 et
748 1154 836 1220 clara
864 1154 899 1220 ln
937 1177 1007 1220 ore‘
1024 1147 1175 1218 omnium
1198 1143 1354 1216 similiter
1446 1169 1447 1238 l

253 1273 256 1280 '
311 1257 483 1325 ferebatur
504 1279 574 1322 non
594 1256 704 1320 solum
727 1253 900 1320 Israelitici
921 1258 1052 1340 generis
1072 1255 1130 1320 sed
1147 1252 1352 1336 stallorum,
1446 1291 1447 1302 κ

313 1381 411 1447 quem
434 1357 535 1424 etiarn
557 1355 731 1422 clariorem
751 1355 805 1420 dei
821 1354 1058 1424 'testimonium
1078 1357 1237 1439 faciebat,
1257 1353 1353 1441 quod
1446 1407 1447 1454 p

195 1491 198 1508 ·
310 1461 440 1556 factum
460 1471 511 1525 est
531 1458 573 1524 ad
596 1458 844 1549 propbctsm“,
867 1460 922 1526 bic
939 1461 1118 1547 ‘gentilium
1141 1457 1262 1524 fabulis
1284 1457 1354 1524 im-

311 1563 412 1630 butus
443 1572 516 1628 erat
542 1573 578 1628 et
605 1563 752 1629 humana
779 1561 969 1650 prudentia.
1013 1564 1057 1629 Et
1085 1562 1139 1638 bie
1166 1561 1302 1646 quidem
1323 1558 1355 1624 si

310 1667 417 1752 vitam
439 1662 532 1744 Iobi,
551 1676 699 1746 uteret,
729 1677 933 1750 enarrasset,
964 1666 1087 1732 librum
1112 1651 1355 1754 composuisset
1446 1685 1447 1690 ¹

201 1763 205 1774 ’
296 1757 488 1837 ¹bominum
517 1767 667 1834 moribus
696 1767 913 1856 emendandis
941 1768 1150 1858 aptissimum
1167 1789 1277 1854 neque
1299 1763 1355 1846 iis,
1446 1771 1447 1840 l

312 1871 371 1968 qni
389 1871 433 1938 ,de
453 1869 567 1958 script.
586 1892 613 1937 s.
635 1855 705 1936 non
725 1893 765 1936 aa
787 1885 863 1955 qua·
875 1869 971 1937 decet
989 1871 1184 1942 reverentia
1200 1871 1354 1938 iudicant
1446 1853 1447 1896 ³

289 1961 532 2070 'caesionem
546 1971 752 2066 praebuisset
782 1973 955 2066 ipsilobo
984 1973 1205 2053 conviciandi.
1258 1968 1357 2060 Quid.
1446 1973 1447 1982 ’

312 2077 426 2142 enim?
451 2078 545 2151 Num
567 2075 657 2140 cadit
673 2076 710 2140 in
733 2075 846 2142 virum
867 2075 1048 2144 honestum
1071 2077 1158 2144 mira
1177 2078 1236 2144 illa
1251 2097 1355 2142 exse·-

310 2179 414 2266 cratio
436 2197 508 2262 rap.
523 2176 583 2238 Ill.
606 2177 821 2261 consignata?
851 2178 917 2242 Sed
932 2181 998 2244 alia
1013 2181 1115 2246 etiam
1132 2171 1251 2260 finiit,
1274 2197 1353 2244 Μ.
1446 2203 1447 2220 ¹

310 2282 430 2352 Ioburn
465 2276 568 2344 filiam
594 2273 785 2363 Ἀμαλθείας
818 2279 910 2364 κέρας
942 2279 1037 2364 (42,.
1059 2281 1123 2366 14.)
1156 2277 1355 2367 appellasse.

151 2390 157 2404 '
247 2433 249 2440 Α
310 2369 441 2449 Scilicet
461 2379 760 2469 superbia-elatus,
783 2390 822 2446 ut
842 2381 985 2462 lectores
1006 2377 1234 2469 graecanicam
1255 2401 1355 2446 suam
1446 2387 1447 2458 ξ

311 2485 534 2556 cruditionem
557 2495 800 2566 cognoscerent
827 2483 885 2550 illa
912 2484 1050 2552 addidit.
1105 2485 1257 2553 Omnino
1278 2496 1353 2550 trae
1446 2483 1447 2506 ¹

310 2585 414 2676 goedi,
429 2585 534 2652 instar
555 2583 680 2650 librum
701 2585 833 2676 scripsit
839 2591 855 2672 ,'
876 2607 942 2672 quo
961 2587 1135 2679 cupiditati
1148 2585 1273 2674 gloriae
1287 2584 1353 2650 sibi
1446 2663 1447 2670 ἵ

309 2689 480 2784 parandae
513 2685 737 2768 satisfaceret,
778 2714 881 2774 „non
898 2691 1082 2782 cogitans,
1120 2688 1208 2778 quod
1244 2688 1355 2754 multa

312 2791 505 2858 differentia
532 2801 580 2853 est
605 2789 694 2856 inter
716 2791 891 2860 historiam
911 2794 989 2861 iusti
1008 2795 1193 2864 secundum
1216 2789 1352 2858 divinae

145 2945 148 2952 .
232 2939 237 2944 -
312 2918 374 2960 scr.
411 2905 445 2958 et
467 2883 722 2980 ⁴simplicitatem
760 2907 793 2960 et
828 2897 1049 2963 subtilitatem
1078 2895 1286 2986 propositam
1318 2903 1354 2960 et

84 2993 87 3000 “
204 3013 206 3020 ·
250 3061 253 3068 ,
312 2996 402 3061 inter
435 2993 540 3059 verba
570 2991 741 3080 superflua
776 3007 808 3060 et
838 2997 1144 3086 adprobationem
1173 2995 1353 3066 conficta·“

228 3163 237 3174 ,
313 3095 611 3192 Quemadmodum
627 3095 719 3162 enim
731 3087 878 3184 tragoedi
887 3121 925 3164 re
938 3100 1074 3183 quidem
1084 3103 1251 3188 nituntur,
1264 3121 1352 3188 quae
1446 3155 1447 3188 3

312 3200 348 3266 in
373 3189 467 3286 vulgi
489 3221 548 3264 ore
578 3211 749 3282 versatur,
784 3221 849 3286 quo
873 3200 989 3268 fabula
1013 3205 1176 3272 maiorem
1197 3207 1352 3274 veritatis

188 3337 191 3342 ·
311 3302 457 3392 speciem
476 3293 620 3402 referat,
643 3303 701 3368 sed
721 3316 757 3397 ut
779 3327 873 3370 suam
895 3316 1026 3372 tantum
1049 3321 1155 3376 artem
1171 3309 1352 3400 etsapien·

242 3443 246 3450 l
313 3402 393 3472 tiam
415 3406 453 3470 in
473 3403 719 3495 componendis
741 3407 920 3494 tragoediis
940 3409 1085 3495 probent
1104 3434 1263 3500 personas
1283 3410 1352 3480 fin-
1446 3435 1447 3442 ¹

312 3519 395 3592 gunt
414 3525 534 3590 easque
555 3527 595 3568 ea
613 3499 795 3588 loquentes¹
806 3509 950 3588 faciunt,
979 3513 1098 3598 quibus
1111 3515 1176 3600 ipsi
1192 3515 1353 3584 clariores
1446 3589 1447 3594 γ

313 3603 416 3690 fiant,
452 3607 499 3671 ita
532 3617 571 3672 ut
605 3606 678 3672 laus
701 3618 760 3672 aut
786 3607 991 3696 vituperatio
1014 3616 1195 3682 verborum
1217 3640 1287 3686 non
1312 3619 1374 3686 in.

89 3793 94 3807 x
178 3715 180 3722 “
209 3791 215 3796 1
302 3700 470 3800 ⁸persoiras
487 3709 587 3795 illas,
614 3709 735 3776 sedin
763 3708 896 3780 fabulae
922 3716 1119 3805 scriptorem
1135 3713 1348 3807 'conferatun
1446 3729 1447 3784 ἒ

313 3813 360 3880 sic
383 3813 441 3878 ille
467 3811 568 3879 etiam
589 3837 665 3880 cum
690 3813 726 3880 in
748 3813 921 3882 historiam
942 3819 972 3885 b.
994 3819 1066 3885 lobi
1086 3815 1253 3894 incidisset
1271 3825 1349 3912 glo-

311 3915 382 3984 riae
409 3915 657 3998 causallibrurp
687 3919 881 4008 conscripsit
907 3943 1014 4006 neque
1038 3939 1229 3996 commenta
1252 3925 1349 4010 fugit.
1446 3935 1447 3940 ’

312 4019 429 4113 Itaque
445 4013 613 4087 diabolum
629 4023 706 4106 curu
722 4021 784 4088 deo
800 4022 990 4116 introduxit
1007 4039 1188 4104 certantem
1207 4028 1252 4113 (l,
1266 4031 1288 4090 7
1302 4067 1348 4082 —-
1446 4041 1447 4102 l

197 4175 199 4179 .
313 4125 368 4207 ¹12.
388 4123 510 4234 ²²3*
524 4115 581 4206 6.),
601 4142 790 4216 sermones,
810 4124 929 4224 quibus
942 4129 1049 4206 multa
1062 4129 1220 4220 peccavit,
1242 4144 1360 4224 prout.
1446 4139 1447 4170 ³

166 4376 172 4390 ⁹
265 4395 272 4431 t
