2916 5230
347 531 413 602 ltu
471 583 479 592 .

352 725 436 792 quae
458 701 520 768 istu
538 693 622 778 fidei
644 689 809 780 expositio
829 685 1056 778 praeciperet,
1078 687 1223 754 sentiret.
1247 685 1290 752 cf.
1312 685 1388 753 Act.

355 807 392 872 C.
420 802 542 892 Epher.
572 798 650 866 Act.
670 795 729 864 VI.
751 792 857 860 Hard.
880 792 902 857 1.
924 791 947 856 l.
969 791 994 854 Ι.
1022 812 1054 877 p.
1081 791 1174 871 1511.
1195 811 1279 882 squ.¹
1310 792 1389 856 Hae

165 971 168 978 .
355 909 396 973 de
416 931 453 974 re
475 915 547 972 ecta
568 899 779 968 Chalcedone
799 915 913 960 rursus
932 894 1053 959 relecta
1072 892 1112 958 cl.
1132 893 1210 958 Act:
1228 895 1262 962 C.
1279 895 1391 976 Chalc.

241 1017 247 1030 '
352 1013 375 1078 l.
394 1012 417 1078 l.
437 1009 482 1074 ΙΙ.
503 1031 534 1096 p.
559 1006 636 1072 246⁶
659 1023 731 1088 equ.
757 997 948 1082 ,Sedquae
966 995 1003 1062 iu
1024 996 1093 1060 illie
1110 997 1188 1060 actis
1211 998 1390 1062 exhibetur

354 1135 460 1202 prava
480 1107 561 1176 fidei
584 1102 768 1196 expositio,
790 1123 826 1166 eu
850 1100 888 1164 iu
911 1099 984 1164 Act.
1010 1097 1048 1162 G.
1071 1097 1184 1164 Const.
1205 1099 1248 1165 Il.
1262 1101 1319 1166 lV.
1335 1105 1390 1166 71.

352 1211 527 1284 Theodori
548 1205 781 1298 Mopsverteni
803 1199 947 1268 affertur
969 1211 1067 1285 atque
1089 1198 1129 1264 ad
1146 1199 1283 1268 eandem
1299 1203 1391 1268 haud

353 1316 453 1384 dubio
488 1313 587 1379 etiam
621 1311 744 1376 Leont.
773 1305 854 1391 Byz.
881 1302 951 1368 lc.
979 1323 1014 1388 p.
1038 1305 1111 1369 687.
1138 1304 1291 1392 respexit.
1343 1307 1394 1372 At

266 1410 271 1428 ⁸
334 1442 437 1504 ¹vero
466 1411 640 1501 Theodori
668 1431 742 1476 eam
770 1429 840 1472 erse
867 1404 1002 1490 negavit
1030 1405 1105 1470 Fac.
1123 1409 1154 1488 8,
1174 1413 1224 1488 2¹,
1251 1408 1392 1474 cumin

353 1520 427 1586 Act.
454 1505 528 1606 squ.
561 1514 648 1602 Eph.
675 1511 706 1578 ei
734 1532 805 1577 non
826 1508 1028 1576 tribueretur
1051 1521 1084 1574 et
1107 1509 1251 1596 Cyrillue
1274 1509 1392 1574 orien-

352 1623 474 1690 talibus
495 1616 692 1703 scripsissetr
709 1641 743 1697 ·„
752 1611 889 1679 Prolata
917 1609 1023 1674 estin
1045 1633 1070 1676 s.
1093 1633 1168 1700 syn.
1188 1612 1273 1699 Eph.
1297 1612 1391 1678 dilli-

353 1724 437 1791 nitio
458 1719 565 1788 veluti
586 1740 605 1784 a
626 1716 806 1784 Theodoro
827 1711 994 1802 deposita,
1016 1711 1114 1777 sicuti
1133 1713 1316 1780 offerentes
1338 1713 1392 1778 di-

314 1857 316 1862 ·
354 1821 503 1893 cebaut“
526 1818 578 1906 (v.
600 1830 640 1887 61.
664 1818 780 1906 Cyrill.
803 1841 856 1906 op.
878 1817 899 1882 l.
920 1837 947 1879 c.
970 1837 1003 1904 p.
1017 1815 1120 1898 200).
1162 1815 1272 1898 Addit
1291 1839 1392 1903 prae-

354 1941 447 1996 terea
469 1931 500 2006 3,
515 1924 547 1988 5.
570 1921 806 2002 Theodorum,
830 1917 922 1984 cuius
938 1917 1054 1984 contra
1068 1919 1249 1984 haereticos
1265 1941 1392 2007 pugnas

354 2043 389 2096 et
417 2026 577 2112 studium,
603 2037 772 2091 rectorum
806 2019 999 2106 dogmatum
1035 2019 1181 2109 Cyrillus
1216 2018 1392 2106 laudaeret,

351 2129 533 2196 trinitatem
555 2149 677 2212 negare
698 2145 767 2192 nou
787 2123 945 2212 potuisse.
987 2124 1118 2209 Nugae.
1158 2125 1280 2207 Neque
1302 2123 1393 2190 enim

355 2231 540 2298 obscurum
555 2229 620 2305 eat,
642 2249 703 2288 cur
723 2225 923 2288 Theodorus
941 2224 1067 2310 Ephesi
1089 2225 1147 2290 illo
1170 2225 1272 2294 modo
1295 2241 1394 2294 taxa·-

354 2348 408 2401 tus
433 2329 485 2396 eit.
525 2325 617 2390 Nam
636 2323 787 2388 nondum
807 2343 847 2384 eo
868 2319 971 2404 usqu'e
985 2323 1160 2386 clarissimi
1171 2327 1236 2388 viri
1243 2370 1254 2405 ,
1276 2330 1389 2414 paucis

349 2433 452 2518 ,annis
474 2439 550 2496 ante
572 2423 699 2490 mortui
720 2422 912 2488 reverentie
930 2432 1128 2506 evanuerat,
1151 2435 1271 2492 utnon
1289 2429 1392 2495 satius
1442 2436 1443 2511 j

354 2525 525 2602 videretur
548 2529 618 2594 eius
641 2524 804 2590 memoria
823 2525 949 2615 intacta
970 2525 1159 2590 doctrinam
1181 2527 1318 2594 relicere
1339 2529 1393 2594 id-

356 2662 422 2728 que
448 2657 530 2703 vere
560 2627 685 2695 dictum
712 2649 781 2692 esse
810 2625 882 2712 ipsa
911 2626 1028 2714 Cyrilli
1056 2627 1112 2693 illa
1133 2652 1164 2695 v.
1188 2630 1391 2698 documento
1442 2610 1443 2663 l

358 2751 451 2809 sunt..
490 2737 704 2820 Quamquam
736 2731 802 2794 iam
824 2727 953 2792 Marius
979 2731 1152 2818 'Mercator
1171 2733 1194 2798 1.
1218 2756 1245 2800 6.
1265 2757 1296 2823 p.
1315 2741 1392 2801 625.

355 2839 440 2908 illud
468 2834 658 2924 symbolum
685 2829 858 2894 Theodori
885 2833 954 2896 e‘ese
978 2833 1078 2926 testie
1097 2843 1149 2900 est'
1167 2838 1392 2922 gravissimus.

358 2945 436 3031 ipsa
464 2948 576 3003 autem
602 2931 747 3026 symboli
759 2930 786 3014 l)
811 2930 939 2997 indoles
966 2955 1103 3022 prorsus
1125 2939 1307 3006 theodoreu
1330 2955 1389 3026 est,
1443 2921 1444 2972 1

293 3053 297 3060 .
514 3079 523 3100 1
738 3051 743 3084 ,

411 3212 439 3283 1)
456 3209 560 3263 Graece
582 3201 678 3274 legitur
697 3203 727 3256 in
745 3205 805 3260 Act.
825 3206 857 3262 C.
876 3203 947 3278 Eph.
964 3205 983 3260 l.
1005 3225 1029 3262 6.
1048 3227 1076 3282 p.
1098 3205 1177 3264 1515:
1197 3227 1238 3282 aq.
1258 3211 1390 3277 [Walch.

363 3360 366 3370 Ἰ
442 3291 528 3348 =hihl.
547 3289 635 3360 symb.
653 3295 734 3342 vetus.
768 3281 924 3362 Lemgoviae
942 3295 1018 3350 1770.
1035 3297 1062 3350 8.
1081 3314 1109 3368 p.
1120 3297 1181 3352 203.
1195 3297 1285 3368 aqu.],
1303 3298 1389 3364 latine,

464 3379 580 3432 diversae
598 3381 685 3427 autem
707 3377 938 3440 runtnreraicues,
951 3395 999 3451 ap.
1017 3379 1087 3434 Mar.
1105 3379 1191 3436 Mero.
1210 3379 1229 3434 l.
1247 3401 1270 3438 6.
1289 3405 1315 3456 p.
1328 3391 1390 3444 626.

373 3525 375 3530 Ι
433 3527 437 3536 .
460 3458 594 3542 [Vhfalch.
613 3457 632 3509 l·
652 3456 671 3508 l·
688 3477 715 3528 p·
735 3461 796 3516 206.
815 3464 886 3534 sq.],
909 3463 938 3516 in
951 3465 1011 3517 Act.
1028 3461 1059 3517 C.
1073 3463 1144 3538 Eph.
1157 3466 1175 3517 l.
1190 3484 1227 3531 c.,
1245 3466 1272 3520 iu
1286 3470 1390 3539 iisdem,

419 3543 581 3622 ‘.t⁸.?.‘¹..t.³¹i³
604 3539 721 3590 versione
745 3543 775 3592 in
795 3545 890 3614 steph.
911 3546 1016 3598 Baluzii
1034 3545 1109 3599 Nova
1130 3549 1192 3600 coll.
1211 3553 1305 3607 concil.
1325 3577 1390 3614 curn

462 3625 554 3700 stt'qipl.
577 3621 610 3677 ad
635 3621 697 3675 coll.
720 3621 790 3679 Phil.
812 3625 919 3680 Labbei.
954 3627 1039 3680 Paris.
1062 3631 1138 3692 1707.
1153 3637 1185 3702 'p·
1208 3637 1266 3692 532.
1284 3657 1347 3713 aqu.
1364 3657 1390 3700 et

461 3727 506 3786 ψ.
531 3709 600 3786 Mar.
617 3707 701 3762 Mero.
721 3707 741 3762 1.
759 3727 783 3772 c.
802 3729 829 3784 p.
842 3713 916 3772 664„
942 3711 970 3765 in
995 3713 1054 3766 Act.
1073 3713 1106 3767 C.
1125 3712 1246 3774 Chalced.
1265 3723 1302 3779 ll.
1327 3727 1347 3783 l.
1365 3749 1389 3784 c.

417 3855 421 3862 ,
453 3816 488 3870 .p.
499 3791 633 3864 ill-aqu·
655 3793 775 3860 [Waleh
791 3795 811 3854 l·
827 3815 849 3851 6
868 3817 895 3868 p.
909 3800 969 3853 209.
984 3802 1072 3868 squ.],
1089 3787 1117 3854 in
1131 3801 1190 3856 Aet.
1206 3806 1235 3860 c.
1246 3807 1342 3865 Conse
1354 3814 1390 3870 11,

356 3923 360 3930 ,
460 3879 482 3932 1.
499 3897 522 3932 6.
556 3879 659 3934 Ultima
681 3890 768 3934 autem
790 3899 814 3932 v.
835 3883 890 3938 orric
914 3879 928 3936 ὅ
950 3882 989 3950 μή
1007 3879 1102 3936 ’ποιῶν
1117 3885 1169 3956 τήν
1186 3887 1266 3960 niylur
1281 3892 1390 3970 ἡμέραν

460 3963 511 4018 rod
532 3962 624 4032 πάσχα
649 3993 683 4008 -
707 3991 757 4016 -.
781 3982 837 4018 non
860 3963 1001 4020 Theodori·
1018 3985 1087 4028 esse,
1110 3970 1290 4046 sedpropter
1305 3998 1388 4036 usum

417 4071 420 4078 ·
459 4046 574 4118 symboli
599 4047 629 4099 in
650 4047 759 4103 ecclesia
776 4047 989 4122 Philadelphensi
1004 4071 1060 4106 esse
1080 4052 1178 4109 adiecta
1195 4057 1272 4112 facile
1288 4063 1388 4119 intelli.

461 4129 540 4228 qitqr.
575 4133 678 4185 Desunt
699 4132 778 4187 etiam
800 4133 830 4189 iu
855 4150 934 4191 reru.
951 4136 994 4212 ap'.
1011 4137 1082 4195 Mar.
1099 4139 1183 4196 Merc.
1202 4140 1221 4196 l.
1241 4163 1263 4199 6.
1281 4167 1310 4222 p.
1324 4154 1385 4208 626.

447 4215 608 4272 6166161.
627 4217 658 4286 G.
676 4215 708 4272 C.
723 4217 761 4274 11.
778 4216 798 4278 l.
814 4237 838 4278 c.
