2938 5240
403 471 408 480 .

259 523 264 530 .

360 565 363 578 “
375 561 400 626 2

376 771 406 828 a.
423 744 520 831 427.)
542 743 704 820 disseruit,
745 741 889 811 Discedo
905 756 1051 812 tamena
1067 765 1105 816 ν.
1117 743 1151 811 δ.
1165 765 1278 834 περιτο
1298 748 1420 818 ο.“429.

377 848 436 916 sed
464 850 525 916 sub
560 846 656 913 exitu
685 847 768 912 anni
789 845 870 914 428.
898 846 1124 913 Theodorum·
1151 849 1272 916 obiisse
1305 853 1419 920 oredo.

377 953 435 1021 Ad
458 977 487 1018 a.
508 951 584 1015 428.
604 949 672 1014 iam
693 948 809 1030 multi,
845 970 929 1034 quos
951 949 1036 1030 adii,
1065 973 1099 1016 v.
1123 949 1155 1018 d.
1178 951 1249 1018 eius
1271 967 1422 1020 mortem

324 1057 326 1064 '
378 1056 600 1137 rettulerunt,
622 1051 681 1116 sed
695 1051 905 1118 coniiciendo
921 1052 1034 1140 potius
1051 1073 1151 1137 quam
1167 1055 1422 1137 ratiocinand03

377 1157 435 1224 alii
459 1169 572 1222 autem
602 1164 640 1218 ut
668 1154 777 1222 Henr.
799 1155 954 1222 Norisius
984 1155 1070 1244 (Op.
1092 1156 1221 1224 omnia..
1236 1156 1262 1221 Ι.
1293 1157 1423 1241 [Vero-

377 1285 442 1328 nae
467 1263 560 1323 1729.
573 1255 629 1338 Ε]
653 1277 686 1343 p·
707 1259 783 1320 291.
798 1258 887 1342 squ.)
908 1255 1052 1322 infirmis
1075 1257 1149 1322 nixi
1170 1257 1356 1324 rationibus
1378 1258 1422 1322 ad

378 1388 408 1430 a.
424 1362 557 1428 121-
599 1356 806 1424 Theodoret.
823 1359 856 1426 h·
872 1382 899 1426 e.
915 1361 947 1439 5,
965 1365 1017 1426 39.
1038 1360 1131 1426 πέντε
1144 1367 1197 1426 καὶ
1212 1355 1322 1440 Ιἓιιατόν
1342 1361 1423 1427 ἐτοῖν

271 1504 273 1513 ·
377 1466 431 1548 ἥδε
447 1461 468 1544 ηι
486 1460 610 1546 ἱστορία
622 1461 757 1544 περιέχει
768 1465 897 1547 χρόνον,
918 1459 1074 1548 ἄρξαμένη
1089 1467 1146 1547 μὲν
1160 1457 1224 1528 nimi
1236 1471 1290 1542 τῆς
1300 1461 1423 1550 Ἀρείου

377 1571 500 1649 λύττης,
520 1563 664 1649 δεξαμένη
684 1565 719 1628 δὲ
738 1566 838 1650 πέρας
855 1572 916 1632 τῶν
930 1561 1114 1642 ἀξιεπαίνου
1125 1562 1243 1650 ἀνδρῶν
1257 1569 1423 1652 Θεοδώρου

377 1677 431 1740 καὶ
456 1669 613 1736 Θεοδότου
641 1658 697 1743 τήν
714 1665 999 1754 τιλευτήν.,ροεοί“.
1027 1663 1179 1750 Είσέβιος
1197 1701 1242 1717 -··
1263 1703 1308 1718 -·
1332 1671 1424 1755 μέχρι

194 1835 197 1846 ,
297 1769 312 1790 '
376 1780 432 1842 rosi
453 1765 831 1864 (1.τῆς)“Κωνσταντίνου
853 1771 1020 1850 θεοφιλοῦς
1040 1773 1198 1850 βασιλείας
1217 1764 1257 1834 τὰ
1278 1780 1346 1846 ταῖς
1367 1771 1426 1850 διι-

378 1877 515 1952 κλησίαις
544 1869 760 1952 συμβεβηκότα
786 1869 998 1954 συνέγραψεν,
1025 1865 1087 1953 ἐγιδ
1113 1873 1147 1933 δὲ
1166 1876 1221 1948 τῆς
1240 1877 1423 1955 συγγραφῆς

378 1976 493 2054 ἐκείνης
515 1965 551 2040 sti
580 1971 667 2047 τέλος
695 1963 794 2058 δρχῆν
822 1969 876 2051 τῆς
895 1969 1037 2056 ἱστορίας
1063 1973 1240 2056 ποιήσομαι.
1282 1971 1424 2038 Eusebii

354 2076 518 2175 ¹historia
535 2072 652 2142 finitur
679 2074 873 2142 narratione
902 2075 944 2139 de
957 2073 1098 2139 Licinio
1122 2071 1253 2140 devicto
1275 2075 1321 2162 (a.
1345 2077 1423 2142 824.

377 2179 521 2268 [823.ί])
553 2201 593 2245 ae
620 2176 663 2244 de
693 2176 805 2244 medio
835 2179 965 2244 sublato
987 2175 1032 2262 (a.
1055 2178 1161 2260 3211),
1188 2177 1422 2244 Theodoretus

377 2298 510 2364 autem,
531 2279 592 2348 ubi
610 2281 633 2350 l.
649 2283 678 2346 1.
700 2303 727 2346 o.
745 2285 775 2346 1.
795 2278 992 2360 Maxentio,
1020 2271 1214 2350 Maximino
1235 2291 1268 2348 et
1285 2281 1422 2348 Licinio

376 2387 532 2478 tyrannis
559 2384 602 2452 de
631 2382 745 2452 medio
771 2382 909 2450 sublatis
933 2381 1091 2451 ecelesiae
1118 2384 1306 2473 procellam
1323 2381 1422 2450 seda·

377 2501 447 2556 tem
468 2487 571 2557 inisse
592 2486 779 2575 perhibuit,
803 2484 846 2551 ad
866 2506 920 2550 res
939 2484 1072 2554 arianas
1094 2487 1278 2554 narrandas
1298 2485 1422 2572 edgrs-

376 2592 477 2660 ditur.
521 2592 643 2674 Neque
672 2611 755 2654 vero
786 2586 1005 2654 efficiendum
1033 2611 1078 2656 ex
1099 2589 1166 2656 iliis
1186 2589 1289 2673 loeis,
1330 2586 1421 2676 quod
1455 2583 1456 2617 ¹

375 2697 457 2783 Pagi
473 2694 601 2778 effecit,
622 2690 791 2756 rationem
810 2689 946 2756 illorum
965 2690 1036 2756 105.
1060 2713 1226 2757 annorum
1243 2687 1284 2758 ab
1299 2714 1327 2758 a.
1346 2693 1420 2758 325.

291 2869 294 2876 Α
374 2797 561 2864 ineundam
583 2815 664 2856 esse.
707 2793 798 2857 Sane
819 2793 955 2880 quidem
969 2791 1119 2860 Licinius
1142 2818 1172 2860 a.
1189 2797 1420 2882 sessuspen-

376 2897 433 2963 dio
466 2895 613 2960 sublatus
645 2903 712 2976 est,
748 2890 806 2956 sed
843 2891 913 2956 iam
936 2905 1031 2974 aute,
1060 2905 1239 2980 postquam
1267 2897 1419 2962 Licinius
1451 2981 1452 2986 ἵ

375 2998 484 3068 victus
514 2994 659 3084 imperio
687 3017 723 3062 so
750 2989 934 3074 abdicavit,
965 2993 1203 3072 Constantinus
1233 2997 1323 3064 solus
1352 3000 1419 3065 im·
1451 2993 1452 3052 ἒ

339 3101 512 3192 *perator
547 3108 619 3166 erat
646 3109 688 3180 etj
709 3097 797 3164 maie
819 3094 1063 3162 'Theodoretus
1090 3120 1110 3164 a
1147 3113 1259 3170 morte
1290 3101 1414 3168 Licinii

372 3226 445 3271 non
482 3200 692 3272 memorabili
718 3201 778 3266 illa
805 3196 865 3264 s'ed
896 3219 998 3284 quam
1030 3200 1195 3266 Eusebius
1223 3227 1416 3272 memorare
1449 3257 1450 3274 .

374 3304 549 3395 potuit¹),
579 3305 738 3376 historiae
763 3327 843 3370 suae
866 3302 1000 3398 initium
1024 3303 1173 3392 cepisset.
1216 3308 1266 3374 At
1286 3290 1418 3372 nieme-
1448 3357 1449 3383 η

375 3405 491 3474 rabilis
512 3419 586 3499 erat
608 3405 749 3474 victoria
777 3407 818 3473 de
835 3405 970 3483 Licinio
997 3419 1185 3494 reportata,
1216 3429 1284 3494 qua
1305 3411 1418 3496 impe·
1447 3405 1448 3493 i

374 3510 465 3594 rium
492 3511 582 3598 apud
610 3510 722 3576 solum
752 3509 1013 3602 Constantinum
1043 3531 1112 3574 esee
1141 3511 1261 3600 coepit.
1302 3511 1416 3576 Multo
1444 3521 1447 3578 t

260 3647 266 3658 ·
373 3609 487 3676 minus
516 3613 752 3679 'l'heodoretus
780 3612 887 3702 priori
914 3612 975 3678 ilio
1005 3611 1082 3678 ioco
1109 3633 1145 3677 se
1174 3611 1216 3678 ab
1245 3636 1286 3688 eo
1314 3635 1416 3693 anno,
1445 3631 1446 3638 ¹

376 3735 449 3806 quo,
463 3713 568 3780 Arius
594 3717 631 3782 in
659 3715 790 3804 synodo
813 3716 964 3782 Nicaena
983 3715 1157 3781 damnatus
1178 3727 1280 3798 esset,
1309 3715 1415 3780 histo-

373 3818 461 3884 riam
483 3841 653 3887 enarrasse
673 3819 845 3888 indicavit.
889 3819 962 3885 Hoo
977 3818 1067 3883 enim
1078 3828 1313 3906 praeterquam
1326 3818 1414 3906 quod

372 3963 576 3982 ——u--u

336 4061 340 4116 j
413 4067 464 4142 ¹1)¹
475 4067 607 4122 Eusebius
629 4031 713 4141 igitui
726 4089 758 4122 re
772 4085 832 4124 vem
848 4078 874 4123 et
887 4068 920 4120 de
929 4065 1090 4122 Theodoreti
1103 4067 1181 4122 etiem
1193 4035 1320 4120 sententis
1333 4066 1413 4122 hieto·

473 4153 542 4208 riam
566 4173 642 4208 suam
666 4165 770 4208 tantum
792 4173 879 4226 usque
899 4151 969 4211 acts.
981 4151 1041 4216 321.
1060 4151 1412 4228 pertexuit,·oniotseene

471 4239 556 4296 ‘initiis
570 4239 625 4308 iilia
640 4241 755 4299 arianae·
823 4239 825 4247 ’
919 4249 921 4257 “
1019 4239 1022 4250 '
