2938 5240
196 695 206 716 ,
256 717 258 726 ¹
307 633 408 704 latius
441 629 643 720 vagabatur,
679 649 788 716 usque
822 627 905 696 darn
941 625 1107 718 Origenes
1148 621 1341 716 allegoricas

307 737 454 808 rationes
485 731 670 802 accuratius
697 731 877 800 illustrare»
896 746 1085 800 conaretur.
1127 727 1343 816 Quamquam
1397 733 1402 740 '

274 889 277 897 »
307 863 392 908 vero
412 839 481 905 iam
499 847 573 904 tum
600 835 771 904 interdum
794 836 1002 904 intellectum
1023 843 1090 918 est,
1120 853 1222 917 quam
1243 832 1345 918 dubia

308 954 408 1027 atque
434 941 571 1010 infirma
597 936 683 1004 ratio
707 937 899 1024 origeniana
918 951 1019 1026 esset,
1049 957 1158 1022 neque
1180 935 1345 1022 Origenes

259 1077 261 1084 v
307 1057 422 1112 tamen
436 1043 514 1110 satis
534 1051 685 1108 accurate
699 1031 861 1108 refutatus
884 1053 950 1123 est,
967 1041 1053 1117 nihil
1073 1041 1166 1106 enim
1186 1039 1253 1126 egit
1273 1040 1347 1136 Ne·

307 1170 378 1238 pos.
398 1170 460 1214 suo
488 1145 603 1232 trema
623 1139 848 1231 eii-iayooccreir
868 1143 926 1232 (cf.
947 1142 1070 1213 Euseb.
1090 1143 1176 1210 h.'e.
1195 1146 1235 1225 7,
1262 1141 1347 1226 th),

186 1313 188 1320 .
307 1270 418 1350 neque
438 1247 557 1344 melius
576 1245 810 1330 allegoriarum
822 1249 908 1313 ratio
928 1249 1107 1314 enucleata.
1143 1245 1219 1312 Imo
1234 1255 1350 1332 poste-

307 1349 416 1419 riores
432 1358 545 1437 patres
574 1345 684 1448 graeci
705 1347 767 1414 etsi
787 1371 857 1416 non
879 1372 919 1414 ea
945 1370 1010 1434 qua
1029 1347 1193 1434 Origenes
1214 1346 1351 1414 licentia

308 1453 347 1519 in
368 1473 431 1517 scr.
452 1475 479 1514 s.
500 1448 753 1535 grassabantur,
771 1449 810 1526 ¹in
827 1451 1024 1516 universum
1038 1462 1150 1516 tamen
1164 1449 1349 1534 Origenem

307 1555 385 1646 plus
414 1551 527 1618 minus
555 1552 661 1618 secuti
689 1563 778 1620 sunt·
822 1552 874 1620 At
900 1551 1102 1620 contrariam
1124 1553 1223 1642 plane
1244 1537 1354 1618 ratio-⁵

308 1678 389 1723 nem
415 1655 566 1724 inierunt
593 1666 706 1744 patres
726 1653 859 1738 quidem
883 1654 1091 1739 antiocheni,
1122 1654 1180 1740 qui
1201 1653 1353 1739 exegeti-
1435 1674 1438 1685 ¹

310 1783 387 1827 cam
410 1756 596 1825 formulam
625 1779 645 1822 a
670 1759 822 1848 patribus
845 1756 1083 1844 (antiochenis)
1106 1769 1275 1846 acceptam
1294 1781 1354 1822 rar

310 1863 402 1930 tione
423 1873 459 1927 et
479 1861 534 1925 via
555 1861 602 1924 ita
624 1851 861 1942 excoluerunt,
891 1871 928 1925 ut
948 1859 1015 1924 iam
1035 1845 1076 1924 ab
1098 1859 1163 1924 illis
1182 1860 1355 1950 interpre-

310 1963 398 2032 tibus
423 1961 532 2051 ,plane
568 1959 737 2029 distarent
792 1963 873 2028 Non
901 1962 978 2027 licet
1005 1961 1139 2045 quidem
1168 1962 1356 2050 accuratius

310 2087 489 2148 enomere,
520 2082 605 2148 quae
633 2074 828 2152 temporum
857 2055 998 2140 decursu
1021 2063 1227 2136 Antiochiae
1241 2051 1310 2131 scr.
1332 2090 1357 2130 s.

309 2167 413 2236 fuerit
432 2163 682 2253 interpretatio,
705 2167 925 2252 probabiliter
945 2177 1060 2234 tamen
1081 2167 1259 2252 coniicias,
1279 2191 1358 2235 cum
1459 2186 1460 2212 ¹

310 2267 441 2361 priores
468 2267 580 2356 ipsum
602 2265 648 2332 N.
670 2267 713 2333 Τ.
735 2268 841 2334 secuti
862 2269 1062 2355 plerumque
1083 2269 1274 2337 historicam
1294 2293 1360 2336 ex·
1460 2253 1462 2324 ¹,

311 2370 528 2464 plicationem
548 2367 701 2435 iniissent
729 2393 793 2435 nec
814 2393 951 2460 prorsus
973 2384 1086 2436 tamen
1106 2367 1280 2459 allegorias
1301 2395 1361 2440 re-

313 2474 523 2566 pudiassent,
546 2471 727 2538 Eusebium
750 2473 882 2555 Emea,
909 2472 1098 2542 Diodorum
1113 2475 1210 2545 Tars.
1232 2489 1265 2542 et
1283 2487 1360 2544 nia-

314 2576 364 2665 gis
388 2574 491 2642 etiam
512 2572 733 2639 Theodorum
752 2575 923 2662 allegoriisn
939 2579 1040 2666 plane
1061 2579 1191 2646 reiectis
1206 2579 1362 2645 historice
1465 2591 1466 2594 ’

315 2701 380 2746 scr.
408 2701 433 2744 s.
460 2675 665 2766 exposuisse.
707 2679 761 2744 Ita
788 2701 869 2744 vero
897 2702 941 2744 ne
969 2681 1010 2745 de
1039 2681 1234 2750 auctoritate
1254 2705 1314 2748 scr.
1334 2707 1362 2749 s.

255 2833 258 2842 ,
318 2781 534 2848 detraherent
558 2803 598 2846 ac
618 2779 789 2846 doctrinae
810 2767 1010 2849 christianae
1024 2781 1186 2852 damnum
1200 2785 1363 2853 afferrent

320 2882 364 2950 ad
387 2879 535 2968 typicam
562 2879 807 2967 interpretandi
833 2884 999 2948 rationem
1021 2887 1265 2972 confugerunt,
1293 2911 1364 2953 non

321 2981 466 3068 quidem,
482 2981 524 3046 ab
554 3003 590 3045 se
618 2979 794 3048 inventam
816 2981 943 3070 illam,
960 2989 1143 3054 accuratius
1164 3001 1279 3055 tamen
1300 3013 1366 3054 ex·
1392 3012 1397 3034 ¹

321 3085 492 3175 plicatam.
545 3081 617 3148 Iam
653 3106 723 3150 non
759 3083 902 3150 arduum
941 3098 1014 3153 erat
1048 3075 1228 3158 edisserere
1264 3095 1366 3176 quam

324 3198 416 3254 arcta
448 3196 534 3257 esset
568 3185 610 3254 V.
645 3188 688 3254 T.
723 3208 800 3252 cum
837 3189 937 3284 rebus
968 3191 1153 3260 christianis
1182 3197 1366 3262 necessitas.

327 3279 486 3358 Ceterum
519 3288 589 3357 iam
618 3313 661 3356 ex
690 3291 741 3357 his
762 3289 949 3379 intelligas,
989 3296 1047 3380 qui
1067 3298 1266 3366 Theodorus
1289 3321 1389 3363 cum*

326 3390 377 3456 de.
391 3390 433 3457 V.
456 3393 499 3456 Τ.
521 3390 559 3456 in
577 3391 792 3478 universum,
815 3406 886 3460 tum
906 3393 948 3460 de
970 3402 1170 3467 auctoritate
1184 3403 1369 3467 nonnullo-

327 3513 408 3558 rum
445 3490 515 3558 eius
545 3491 730 3560 librorum'
749 3491 921 3564 liberalius
961 3503 1086 3568 sentire
1117 3503 1265 3590 potuerit
1297 3504 1369 3571 imo

328 3593 494 3664 debuerit.

431 3709 633 3780 Theodorus
654 3712 814 3806 singtdari
835 3704 943 3804 eoque
962 3717 1043 3786 satis
1056 3720 1167 3809 amplo
1187 3719 1275 3790 libro
1293 3723 1371 3790 alle·

332 3812 490 3901 goristas,
525 3814 708 3904 Origenem
741 3821 940 3910 praecipue,
977 3821 1111 3892 refellit.
1154 3813 1250 3893 Idem
1280 3826 1371 3894 enim

243 3974 246 3980 .
335 3916 424 3981 haud
459 3917 559 3984 dubie
595 3921 680 3988 liber
714 3934 782 4010 est,
819 3945 919 4010 quem
954 3924 1120 3992 Ebediesu
1151 3927 1174 3998 l.
1209 3953 1237 3994 c.
1264 3952 1298 4016 p.
1318 3928 1371 3997 84.

337 4016 526 4106 quinque
563 4032 701 4090 tomos
723 4027 932 4093 adversus
962 4028 1219 4118 allegoricos
1245 4029 1298 4116 (r.
1326 4045 1373 4098 et.

336 4143 371 4208 p.
398 4117 463 4210 19.)
484 4119 572 4190 dixit
593 4138 627 4193 et
646 4125 722 4194 Fac.
744 4136 777 4217 3,
800 4129 832 4196 6.
853 4129 1011 4198 librum
1029 4131 1078 4200 de
1097 4135 1312 4221 allegoria
1332 4148 1372 4202 et
