2938 5240
1092 250 1101 260 ι

1184 319 1203 343 ‘s

1098 347 1225 418 sae'

1246 457 1251 474 s

132 523 267 596 Inieliei
292 537 415 610 conatu
442 523 588 592 Sieffert.
617 523 640 594 l.
661 525 684 592 l.
710 549 745 616 p.
768 531 819 595 32.
842 546 929 614 quae
947 527 1115 599 Ebediesu
1130 531 1170 600 'et

131 621 253 713 reliqui
283 621 325 694 de
351 631 451 696 tomis
477 628 566 694 itlius
596 629 828 696 commentarii
847 631 1003 698 referunt
1022 633 1113 702 inter
1132 659 1169 702 se

132 733 331 798 conciliavit.
376 733 520 802 Scilicet,
537 751 622 816 quae
643 730 809 799 Ebediesu
830 735 872 798 de
894 736 992 800 tomis
1014 736 1170 824 perhibet

26 823 29 900 i
129 835 195 902 hoe
215 857 285 900 uno
314 830 413 902 eredo
434 835 611 919 nituntur,
638 833 727 921 quod
749 846 799 900 tot
819 837 920 902 tomis
940 837 1064 905 librum
1086 861 1171 906 con-

25 957 26 968 *
128 939 233 1006 tineri
269 925 371 1020 dixit,
410 937 755 1025 quot,voluminibus
794 923 972 1030 eriemplar
998 939 1168 1029 syriacum
1252 965 1254 968 ·
1335 947 1345 958 '

23 1119 26 1130 ¹
127 1051 304 1108 constaret.
351 1039 405 1104 Sie
433 1039 599 1106 Ebediesu
626 1051 711 1105 teste
739 1043 999 1110 commentarius
1028 1043 1066 1110 in
1085 1045 1169 1112 XII.

22 1163 24 1232 g
126 1143 308 1233 propbetas
336 1139 465 1206 duobus
493 1143 594 1207 tomis
622 1155 770 1225 constat,
799 1167 868 1210 nno
887 1145 974 1212 liber
996 1145 1039 1212 de
1057 1145 1169 1216 incar-

22 1259 23 1266 ’
125 1247 282 1328 natione,
312 1243 373 1310 sed
400 1243 531 1333 horum!
549 1245 606 1309 ille
633 1244 752 1330 nullis,
780 1245 836 1311 hic
862 1246 1056 1334 quindecim
1075 1249 1169 1316 libris
1195 1319 1209 1346 ρ

71 1373 72 1380 “
114 1351 304 1442 distinctus
325 1359 381 1412 est.
425 1347 490 1414 sed
517 1347 718 1414 Theodorus
740 1359 779 1416 ut
806 1351 990 1437 nonnullos
1019 1353 1100 1418 alios
1120 1352 1169 1418 ita

19 1475 23 1488 ·
125 1453 218 1520 hune
240 1452 341 1524 etiam
363 1450 400 1517 in
423 1449 572 1517 Genesin
594 1451 874 1518 commentarium
891 1453 988 1520 libris
1003 1453 1168 1539 distinxit,
1206 1491 1212 1520 t
1283 1497 1285 1502 .

127 1579 275 1644 quorum
306 1555 435 1644 primus
464 1551 583 1620 Photio
609 1565 691 1618 teste
720 1565 849 1643 septem
869 1555 969 1620 tomis
989 1556 1168 1628 constabat.
1252 1547 1255 1551 ⁸

125 1659 320 1733 Tillemont.
341 1655 364 1722 l.
384 1657 406 1747 l.
429 1679 461 1744 p.
475 1655 549 1720 445.
572 1690 646 1739 ‚‚-
667 1679 714 1720 un
728 1655 854 1743 (tome)
877 1679 953 1721 sane
967 1659 1168 1748 doutepour
1203 1676 1206 1688 ¹

124 1761 254 1847 chaque
270 1757 391 1824 iour.“
432 1757 635 1824 Theodorus
650 1781 726 1823 cum
749 1759 875 1824 librum
890 1748 936 1824 ita
951 1758 1171 1844 distingueret

123 1862 214 1932 baud
237 1861 337 1928 dubie
357 1861 487 1950 primae
508 1860 725 1927 hebdomadis
745 1861 910 1928 rationem
931 1859 1048 1928 habuit
1070 1860 1111 1927 cf.
1127 1871 1169 1929 et.

125 1964 241 2055 Cyrilt.
260 1965 363 2033 Alex.
386 1965 463 2032 VII.
481 1965 556 2031 libr.
580 1963 833 2064 Glaphyrorum
860 1964 897 2030 in
919 1964 1080 2032 Genesin.

225 2097 446 2166 RectePhot.
468 2121 495 2163 e.
514 2103 583 2182 38.²
615 2099 674 2166 ubi
700 2095 755 2180 τήν
776 2095 936 2184 ἑρμηνείαν
962 2104 1015 2176 τῆς
1038 2099 1165 2172 κτίσεως

124 2201 343 2286 memoravit,
377 2193 432 2280 stis
462 2206 495 2267 δὲ
523 2206 651 2288 φράσιν,
683 2202 809 2288 inquit,
839 2199 908 2269 οὕτε
933 2193 1076 2287 λαμπρὸς
1104 2196 1165 2285 (so.

124 2307 183 2394 Θ.)
203 2302 272 2372 odire
293 2307 361 2370 λίαν
383 2299 501 2389 σαφὴς,
528 2309 645 2390 φεύγων
667 2309 701 2372 δὲ
721 2299 775 2374 edu
794 2300 923 2372 dosside
941 2301 1025 2389 ανξτῷ
1047 2303 1163 2388 τρόπον

123 2405 179 2486 τὰς
199 2407 379 2494 ἀλληγορίας
400 2400 549 2474 καὶκατὰ
569 2402 624 2486 τὴν
643 2405 784 2490 ἱστορίαν
804 2401 858 2484 τίν
876 2404 1038 2492 ἑρμηνείαν
1053 2406 1166 2470 noceti-

123 2539 224 2601 μενος.
268 2513 458 2595 Ταντολογεῖ
476 2514 510 2576 δὲ
524 2503 562 2575 τὰ
580 2515 709 2574 πλεῖστα
729 2515 781 2576 καὶ
799 2505 910 2594 ίίχαρίς
924 2534 990 2585 πως
1003 2513 1056 2576 καὶ
1069 2499 1166 2587 dadin

81 2629 86 2638 “
123 2611 200 2683 εἶναι
235 2619 333 2694 δοκεῖ,
370 2607 445 2680 ἀλλὰ
477 2619 529 2680 καὶ
560 2607 595 2678 sd
625 2618 798 2695 Νεστορίον
825 2613 941 2697 δόγμα,
971 2613 1073 2678 εἶκαὶ
1101 2601 1163 2693 aad

123 2723 295 2800 Νεστορίον
324 2715 476 2800 ίπῆρχεν,
518 2713 788 2799 terpretatur,
825 2734 888 2776 neo
915 2710 1027 2776 minus
1053 2703 1183 2778 tamen'

123 2833 214 2889 recte
235 2817 403 2884 Ebediesu
430 2816 709 2882 commentarium
731 2813 829 2880 illum
850 2811 1012 2880 methodo
1033 2824 1068 2879 et
1087 2833 1167 2901 spe-

120 2997 325 3030 *τ-..ᾷ
1148 2949 1165 2980 ο

224 3126 358 3186 vertisset,
380 3121 553 3176 Theodorum
573 3121 628 3176 duo
649 3122 720 3175 inter
737 3140 765 3175 se
784 3121 902 3174 diversos
916 3121 945 3172 in
959 3120 1077 3175 Genesin
1090 3140 1162 3180 corn·
1249 3161 1255 3168 .

228 3203 378 3270 mentatios'
389 3205 530 3259 exaravisse
548 3207 672 3277 opinatus
693 3213 746 3264 est,
774 3205 927 3258 alterum
945 3202 1162 3274 philosophicum

225 3297 258 3351 ab
279 3291 424 3354 Ebediesu,
447 3289 538 3352 Phoe,
565 3290 624 3342 Iob.
638 3289 708 3342 Pbil.
730 3299 756 3342 et
776 3289 806 3342 in
826 3288 987 3343 Actsconc.
1003 3285 1097 3341 Const.
1111 3307 1163 3341 me·

227 3390 376 3437 moratum,
392 3374 440 3429 alt
450 3393 544 3428 erum
562 3375 735 3446 exegetieum,
757 3375 804 3446 qui
820 3375 852 3427 ad
870 3373 988 3444 reliquos
1003 3373 1082 3427 etiam
1098 3371 1164 3427 Pen-
1261 3359 1264 3378 ¹

226 3464 343 3522 tateuchi
363 3461 445 3515 libros
466 3461 642 3534 pertinuisset.
679 3462 773 3532 Neque
791 3459 877 3538 enirn,
903 3459 926 3514 si
944 3458 990 3512 ille
1002 3458 1034 3512 ad
1047 3457 1163 3531 amptius
1201 3443 1206 3448 ¹

227 3568 301 3627 opus'
315 3548 502 3626 pertinuisset,
533 3536 649 3618 primam
667 3555 770 3600 tantum
793 3554 899 3618 partem
918 3543 947 3598 in
966 3543 1084 3598 Genesin
1104 3561 1164 3598 con-

170 3659 185 3684 e
227 3637 352 3712 scriptam
366 3635 399 3689 ab
414 3633 546 3687 Ebediesu
558 3641 732 3684 memoratam
747 3632 837 3686 fuisse.
873 3628 957 3697 Quasi
972 3626 1165 3682 seroTheodo·

173 3777 178 3786 ,
226 3727 275 3775 'rus
300 3720 420 3794 singulos
445 3713 616 3771 Pentateuebi
639 3715 722 3768 libros
749 3734 805 3770 non
831 3713 948 3782 singulis,
967 3712 1165 3766 commentariis

148 3835 150 3842 ¹
189 3807 197 3816 '
229 3807 354 3880 persequi
371 3803 514 3878 potuisset!
538 3800 662 3854 sednon
679 3801 748 3854 male
764 3798 913 3853 eoniieeses
933 3796 1006 3850 illam
1021 3797 1167 3876 ἑρμηνείαν

230 3891 278 3962 τῆς
300 3897 407 3950 κτίσεως
432 3877 585 3943 uberiorem
611 3903 723 3957 eamque
747 3881 934 3958 philosopham
956 3881 1166 3953 disputationem
1276 3911 1279 3918 ·

121 4023 127 4032 .
231 3975 264 4048 de
293 3976 478 4045 prioribus
507 3973 641 4026 Geneseos
670 3967 801 4042 capitibus
830 3968 926 4032 fuisse,
958 3968 1016 4028 nisi.
1033 3967 1166 4024 Ebediesu

232 4061 345 4117 maxime
363 4059 440 4116 verba
456 4057 646 4133 impedimento
664 4066 759 4114 essent.
