2938 5240
317 539 484 652 oblatione
517 589 722 664 elaboratum
754 549 944 705 (ll-pidlld
968 665 973 726 η,
995 580 1113 694 llll-n
1172 602 1358 735 ugho)

238 695 242 706 ’
318 711 429 767 vocat.
468 705 636 794 ¹Quamvis
657 719 801 790 enimin
816 731 998 818 eustylum
1013 745 1240 846 etsententius
1255 773 1361 837 quas·

209 793 210 800 ’
317 800 396 866 dam
423 803 498 873 iure
524 815 808 912 reprehenderes,
835 830 885 899 ita
904 843 1019 905 tamen
1040 843 1076 909 ni
1097 845 1197 935 fallor
1218 874 1361 944 compa-

316 914 408 968 ratus
426 923 515 992 erat,
539 917 581 981 ‘ut
604 943 658 1010 exi
676 947 716 990 eo
737 931 949 1016 potissimum
978 942 1058 1027 quid
1080 949 1279 1021 Theodorus
1299 959 1362 1026 in·

316 1013 532 1108 terpretando
562 1032 595 1085 et
620 1023 889 1118 philosophando
918 1058 1031 1130 posset
1062 1068 1236 1142 appareret
1255 1059 1360 1148 idque

623 1127 652 1194 si
669 1133 784 1218 quanti
798 1147 868 1204 tum
884 1139 1030 1234 Genesin
1043 1151 1186 1224 fecerint
1199 1181 1237 1224 ac
1253 1183 1359 1247 quam

419 1285 423 1309 θ
529 1247 569 1290 ea
592 1233 790 1316 repetierint
811 1243 916 1326 probe
937 1255 1168 1340 perpenderis.
1212 1263 1278 1331 Pro
1301 1269 1359 1337 di-

317 1335 417 1383 verso
440 1333 550 1389 autem
575 1340 964 1433 argumento-Genesin,
988 1356 1223 1432 ouisummam
1238 1384 1358 1439 aucto-

315 1617 397 1688 dum
420 1625 576 1720 dispersis
598 1636 783 1730 disputavit
805 1645 973 1721 Geneseos
991 1667 1187 1738 auctoritate
1205 1675 1270 1744 niti
1289 1683 1356 1750 sibi

236 1778 239 1788 .
314 1722 406 1794 visus
426 1744 494 1816 est,
514 1743 682 1826 permulta
702 1757 813 1816 tamen
834 1755 874 1820 ab
896 1783 936 1824 ea
958 1761 1071 1832 aliena·
1086 1779 1229 1866 protulit

313 1847 383 1918 pon
397 1841 466 1910 tarn
480 1860 524 1903 ex
540 1861 578 1906 ea
598 1845 723 1931 elicuit,
745 1871 845 1935 quarn
859 1859 992 1926 aliunde
1005 1874 1129 1959 accepit
1146 1877 1186 1963 ¹).
1219 1883 1355 1970 Quam-

232 1987 237 1999 ,
314 1946 416 2024 quam
444 1957 522 2004 cum
549 1944 662 2014 verbis
683 1947 770 2018 iusto
793 1960 897 2046 magis
917 1961 1123 2058 inhaereret,
1154 1983 1228 2069 ipse
1250 1992 1353 2078 etiam

286 2025 293 2090 ss
313 2031 420 2099 multa
442 2037 529 2104 mina
551 2063 599 2108 ex,
618 2069 657 2112 ea
680 2055 777 2123 eruit.
821 2061 947 2150 Magna
966 2084 1077 2140 autem
1091 2078 1228 2154 licentia
1243 2091 1354 2180 histo·-

311 2129 396 2198 riam
419 2135 530 2223 lapsus
549 2147 740 2230 primorum
767 2157 944 2234 hominum
965 2195 1159 2260 persecutus
1178 2205 1229 2258 ,est
1249 2208 1353 2284 atquo

310 2231 365 2298 hio
377 2239 559 2330 praecipue
573 2267 698 2318 vanum
712 2256 794 2324 illud
808 2265 956 2334 studium
974 2281 1139 2369 cernitur,
1160 2311 1226 2376 quo
1243 2297 1350 2370 dubia

203 2359 210 2367 ·
311 2345 345 2399 et
366 2338 467 2425 plane
488 2342 617 2416 incerta
637 2356 723 2424 mire
749 2364 968 2439 coniectando
990 2385 1171 2460 certissima
1195 2399 1351 2474 reddidit.

309 2435 422 2505 Multo
448 2445 584 2516 brevior
611 2471 683 2524 erat
704 2462 840 2532 alterius
859 2471 1031 2556 ⁸Geneseos
1052 2491 1156 2574 partis
1178 2497 1349 2593 interpre-

307 2542 399 2626 tatio,
421 2544 573 2637 inprimis
589 2573 728 2648 propter
741 2577 840 2657 typos
853 2583 1088 2653 memorabilis.
1117 2595 1210 2686 Typi
1223 2621 1347 2696 autem,

308 2663 399 2728 quos*
417 2647 454 2714 in
470 2657 650 2742 *prophetis
673 2668 771 2734 certis
795 2676 990 2763 quibusdam
1012 2689 1089 2758 licet
1108 2709 1346 2781 remotioribus

305 2742 492 2817 ratidnibus
519 2759 583 2824 niti
612 2762 719 2852 dicas,
749 2771 804 2840 hic
830 2781 966 2864 quidem
995 2787 1068 2860 fere
1096 2823 1121 2866 a·
1142 2809 1213 2873 solo
1234 2811 1345 2882 inter-

1236 1829 1245 1862 ,
1267 1810 1354 1872 quae

303 3047 432 3117 siastica
455 3055 777 3152 declinavit,nostri
795 3078 908 3150 indole

302 3151 490 3226 illustrabat
518 3185 580 3264 nec
610 3171 753 3270 mirum,
789 3188 878 3270 quod
905 3191 941 3258 in
965 3201 1261 3290 reprehensionem
1283 3228 1339 3294 in-

302 3258 407 3328 currit
427 3287 465 3328 ac
486 3273 650 3355 temporis
668 3275 792 3352 iniuria
812 3285 950 3362 interiit.
991 3304 1108 3404 Itaque
1122 3341 1164 3384 ex
1177 3333 1339 3401 sententia

301 3361 398 3425 nobis
420 3367 552 3452 obtigit,
583 3378 673 3456 qnod
696 3382 861 3458 Iohannes
882 3397 1087 3492 Philoponus
1109 3417 1197 3507 (περὶ
1217 3418 1337 3519 bonpo-

300 3466 405 3539 ποιίας
423 3468 489 3549 lo‘y.
510 3469 591 3538 ἕκτα
612 3476 764 3554 Gallnnd.
794 3494 870 3560 bibl.
900 3500 982 3569 XII.
1009 3531 1042 3596 p.
1064 3515 1137 3586 471.
1156 3547 1244 3616 squ,
1323 3545 1335 3608 i

726 3635 733 3650 .
789 3593 896 3682 riptus
917 3607 995 3693 est.)
1017 3617 1235 3704 vehementer
1254 3659 1336 3710 sane

472 3765 477 3771 ι
568 3667 595 3764 ’,
630 3681 860 3766 inauditorum
889 3720 1002 3780 ,satore
1082 3715 1103 3737 '¹
1219 3733 1222 3740 “

629 1431 760 1504 diverse
773 1438 1009 1534 interpretatus
1025 1473 1082 1525 est.
1124 1463 1201 1564 Ipse
1220 1473 1357 1560 quidem
1467 1513 1468 1564 l

626 1534 745 1606 mundi
773 1543 901 1631 origine
924 1552 1029 1642 deque
1048 1561 1240 1638 hominibus
1263 1596 1357 1646 non-

911 3111 944 3154 m
965 3105 998 3178 et
1013 3098 1200 3180 doctrinam
1215 3126 1342 3209 optime
1369 3151 1371 3159 ⁴
1467 3123 1468 3211 i
