2916 5230
317 445 383 522 no

293 633 546 728 ,Augustinum
569 627 771 706 Theodotus
789 629 960 718 scripserit
985 627 1029 698 of.
1051 633 1131 713 Cev,
1151 635 1174 700 l.
1188 633 1233 720 1.,
1263 634 1359 706 Basn.

258 768 277 828 ν’
313 747 336 812 l.
353 745 392 825 l.,
417 736 576 804 Neaudsr
597 733 771 822 t.1.11.p.
794 737 886 801 1360.
911 739 1022 818 1361„
1046 738 1125 821 quid
1150 740 1241 822 quod
1270 740 1359 806 Ger·

313 847 426 914 nerins
445 837 637 905 coniectura
651 836 870 902 Theodorum
887 839 1051 904 mendacii
1068 841 1124 904 vel
1140 843 1253 908 mulae
1266 843 1359 906 frau-

313 951 380 1034 dis,
404 943 469 1032 qua
488 941 593 1008 libros
614 950 731 1004 contre
749 940 1003 1027 Hieronymum
1027 942 1170 1029 scriptos
1194 957 1273 1034 post
1294 945 1358 1010 im-

310 1061 457 1119 mutatos
471 1044 630 1112 adversus
643 1043 866 1129 Augustinum
883 1044 1039 1111 edidisset
1048 1049 1247 1113 accusavit?
1270 1049 1358 1113 Ger-

308 1154 405 1226 nerio
424 1149 593 1234 eliquanto
614 1145 736 1210 melius
751 1146 906 1210 Norisius
925 1139 1022 1212 1'.l.1.
1044 1171 1076 1236 p.
1093 1154 1147 1216 88.
1161 1171 1212 1235 sq.
1233 1153 1358 1235 „Pele-

310 1256 402 1348 giani
427 1273 503 1317 cum
528 1269 563 1312 se
586 1267 607 1313 s
634 1247 851 1334 Hieronymo
880 1261 914 1312 et
937 1251 1130 1335 Augustino
1156 1255 1356 1320 adversariis

307 1357 444 1448 scriptis
455 1349 601 1440 vellicari
620 1350 868 1433 cognovissent,
892 1349 1067 1418 Theodori
1082 1356 1224 1444 Mopsv.
1240 1369 1356 1444 patro·

304 1462 433 1529 'oinium
454 1453 697 1542 implorarunt,
726 1449 770 1516 ad
786 1472 887 1536 quem
907 1456 1005 1519 etiem
1021 1456 1233 1546 Hieronymi
1248 1460 1356 1524 dialo-

307 1587 367 1654 gos
398 1579 514 1625 reeens
545 1553 681 1639 quidem
708 1555 893 1641 publicatos
923 1557 1082 1624 detulere.
1126 1561 1191 1627 Ille
1220 1562 1355 1628 scientia

306 1663 474 1742 tumidus,
498 1679 564 1744 quo
586 1658 675 1725 sotus
693 1679 811 1745 sapere
830 1659 1020 1745 videretur,
1051 1662 1199 1730 aliorum
1222 1665 1354 1751 ingenis

308 1764 510 1860 despiciens,
543 1785 602 1827 sue
630 1773 761 1828 tantum
788 1756 970 1848 prebebat:
1008 1787 1110 1851 quare
1138 1769 1261 1833 contra'
1288 1779 1354 1832 tres

303 1866 512 1953 Hieronymi
526 1867 628 1931 libros
640 1865 854 1930 setisiustum
864 1857 1024 1934 volumen
1039 1869 1075 1933 in
1084 1870 1238 1958 quinque
1252 1870 1353 1936 libros

305 1972 468 2059 digestum
477 1967 675 2056 ¹procudit.“
697 1990 730 2057 p.
747 1973 799 2036 88.
844 1968 939 2034 ldem
961 1992 992 2065 ss.
1007 1971 1036 2035 d.
1052 1973 1239 2060 Augustini
1252 1972 1352 2038 etiam

260 2099 265 2106 ·
302 2075 406 2142 libros
419 2073 461 2135 de
477 2083 602 2158 peccet.
618 2072 727 2137 merit.
743 2085 777 2136 et
790 2074 917 2138 remiss.
934 2085 1031 2163 step.
1046 2079 1097 2144 89.
1119 2075 1162 2144 ad
1176 2076 1351 2166 Hilarium

301 2173 521 2243 Theodorum
535 2171 746 2258 impugnasse
758 2187 863 2258 putat.
904 2177 1191 2265 „Hieronymum
1205 2178 1298 2244 enim
1315 2177 1351 2240 in
1370 2189 1375 2200 '
1430 2149 1433 2216 ⁴,

302 2280 377 2351 fiue=
394 2273 604 2358 dialogorum
626 2293 730 2358 pauca
744 2285 877 2336 tantum
891 2276 996 2338 verba
1010 2298 1073 2363 pro
1088 2291 1228 2361 peccato
1243 2279 1350 2362 origi·
1432 2339 1433 2342 ,

180 2399 229 2479 ⁸.
301 2383 372 2450 noli
389 2375 591 2445 adstruendo
607 2373 749 2458 hebere,
772 2375 910 2441 laudare
924 2395 1006 2442 vero
1020 2399 1083 2465 pro
1099 2391 1189 2442 ea're
1205 2402 1348 2468 operose
1432 2449 1433 2466 2

300 2479 486 2569 Augustini
508 2477 680 2563 volumina
700 2478 742 2542 de
766 2501 856 2568 pecc.
879 2501 924 2544 m.
946 2490 980 2542 et
998 2501 1081 2542 rem.
1103 2479 1139 2544 in
1161 2469 1283 2548 Asiam
1306 2483 1345 2547 ed

179 2649 183 2664 .
284 2582 336 2668 sse
361 2585 487 2664 deleta,
520 2578 739 2652 Theodorum
765 2593 877 2645 eutem
901 2595 977 2644 cum
997 2579 1079 2645 haec
1098 2583 1234 2668 legisset
1256 2584 1344 2650 haud

300 2689 401 2756 dubie
421 2685 479 2750 ille
502 2681 703 2768 quaesivisse
723 2681 922 2770 praesertim
944 2703 1020 2746 oum
1039 2705 1082 2748 ex
1097 2683 1211 2771 Photii
1225 2710 1343 2754 excer-

298 2793 367 2882 ptis
388 2797 534 2864 constet,
564 2807 642 2848 eum
667 2805 705 2847 ea
719 2785 947 2870 impugnasse,
971 2806 1056 2871 quac
1073 2789 1161 2874 apud
1178 2789 1342 2876 Augusti.
1431 2851 1432 2864 χ

183 2899 193 2912 ’
298 2917 381 2960 num
396 2901 525 2954 tanturn
543 2884 584 2948 de
602 2883 737 2968 originis
755 2900 850 2950 reatu
869 2887 1036 2974 explicata
1049 2889 1212 2976 legentur.
1258 2897 1341 2960 Pro·
1431 2949 1432 2974 y

296 2998 385 3066 fecto
399 2987 569 3072 Pelagium
591 2986 727 3070 eiusque
740 2987 918 3076 discipulos
931 2989 1064 3056 laudata
1078 2995 1264 3079 Augustini
1278 3019 1341 3060 vo-

296 3098 427 3167 lumina
448 3114 515 3158 una
534 3111 611 3154 oum
632 3089 772 3178 epistola
789 3089 830 3156 ad
844 3091 1015 3158 Hilarium
1030 3093 1066 3158 in
1084 3099 1219 3182 synodo
1235 3100 1338 3165 Dios·

220 3241 225 3252 .
296 3202 447 3294 politann
479 3195 564 3297 leole
592 3192 633 3256 ed
666 3215 794 3260 novum
823 3206 933 3260 sectae
959 3183 1141 3281 patronum
1179 3199 1337 3268 misisse.“

189 3356 190 3362 ,
231 3307 232 3310 ’
295 3305 340 3396 ps
359 3295 410 3372 99.
455 3297 611 3381 Denique
631 3296 706 3361 illos
734 3293 908 3362 Theodori
930 3298 1033 3364 libros
1061 3323 1150 3366 anno
1171 3304 1245 3370 fere
1263 3293 1336 3370 4'16.

295 3406 499 3490 conscriptos
512 3411 581 3465 esse
597 3399 766 3464 existimat
777 3411 920 3486 'propter
933 3401 1044 3466 Pholii
1058 3404 1161 3470 verba
1174 3441 1217 3454 -
1229 3408 1336 3491 λόγους
1414 3464 1417 3481 ,

293 3511 370 3593 ὑπὲρ
396 3514 449 3586 τῆς
468 3506 837 3578 ’καινοποιηθείσης
865 3499 948 3585 αὐτῷ
969 3503 1113 3586 αἱρέσεως
1136 3543 1180 3556 -·
1203 3521 1235 3574 et
1258 3510 1334 3574 ideo

293 3615 372 3698 quin
384 3604 512 3674 Zosimi
533 3601 637 3668 literis
654 3601 829 3689 encyclicis
850 3601 967 3683 3.,418.
989 3608 1162 3692 publicatis
1177 3626 1211 3678 et
1223 3612 1333 3680 Mario

276 3717 399 3786 Mero.
420 3722 503 3776 leste
522 3707 564 3774 ad
577 3707 766 3794 ⁴orientales
786 3704 938 3772 ecclesias
961 3709 1069 3774 missis
1089 3731 1127 3773 ac
1148 3736 1211 3798 per
1226 3726 1331 3778 totum

216 3804 218 3808 ¹
293 3810 411 3886 orbem
431 3811 729 3901 subscriptionibus
748 3829 774 3872 s.
798 3821 932 3895 petrum
952 3811 1113 3875 roboratis
1132 3814 1329 3881 Theodorus

234 3969 236 3974 -
290 3922 352 3988 vix
378 3939 477 3986 ausus
501 3914 619 3980 fuisset
647 3923 763 3978 contra
790 3911 1013 3978 orthodoxam
1039 3917 1239 3982 seutentiam
1262 3930 1328 3982 tem
1430 3931 1431 3942 ¹

272 4025 397 4092 ‘multe
413 4019 566 4090 scribere.
608 4014 828 4082 Theodorum
851 4013 1050 4081 Caelestiunr
1071 4031 1188 4086 contra
1201 4020 1327 4090 Hiero-

290 4149 434 4222 nymum
454 4119 640 4190 defendisse
662 4117 768 4186 verbo
790 4117 925 4184 monuit
934 4118 1325 4210 &uulgaria-crusina
