2916 5230
1014 446 1120 572 ‚m

81 675 183 746 nom
211 672 315 742 moso
342 669 430 736 tuno
458 663 594 748 estun,
622 641 738 732 mose
752 665 869 736 anses
888 651 1124 762 (ιι-ιι),

80 779 202 848 deinde
230 775 334 844 Elibu
356 771 544 851 arcessivit,
574 769 632 856 qui
657 770 771 842 multis
792 771 980 861 opprobriis
1001 775 1124 842 Iobum
1153 793 1155 797 ’
1246 859 1248 864 Ι

80 881 198 951 effecit
225 881 267 964 (c.
294 881 393 942 82-
350 877 477 957 -.87)
505 892 628 956 neque
642 871 779 938 erubuit
805 873 963 941 divinae
958 899 1124 963 personae

80 983 145 1052 ceti
158 984 353 1072 figmentum
371 973 572 1063 tribuere(
588 973 638 1040 41
642 973 658 1062 )
676 988 708 1042 et
704 976 1023 1078 „nominationem
1036 979 1124 1046 filiae

82 1109 128 1158 ex
165 1082 288 1150 fabulis
325 1077 494 1170 paganicis
532 1090 703 1166 arreptam
741 1078 773 1146 b.
808 1079 890 1146 lobo
924 1079 1091 1170 applicare
1101 1081 1125 1122 “

81 1190 154 1278 (n,
177 1185 259 1273 ιι..)

184 1305 238 1370 Ειι
256 1299 308 1368 his
328 1295 427 1365 focile
449 1293 600 1380 colligas,
620 1294 678 1378 qni
696 1295 752 1362 hic
765 1295 939 1362 Theodori
951 1317 1129 1364 commen.
1233 1325 1239 1336 .

84 1407 193 1477 terius
216 1430 237 1472 a
259 1401 395 1488 reliquis
423 1395 708 1465 diversusfuerit.
751 1399 872 1486 Neque
894 1399 1070 1466 christiana
1090 1399 1128 1466 iu
1177 1450 1181 1458 ,

83 1511 169 1577 Iobo
199 1502 481 1594 deprehenditet
508 1501 707 1589 scriptorem
737 1503 894 1592 audacter
922 1503 1129 1590 vituperavit

83 1613 120 1679 in
136 1613 200 1677 hoo
213 1630 320 1674 unum
333 1606 499 1685 intentus,
523 1613 562 1670 nt
576 1627 694 1672 veram
707 1605 782 1673 Iobi
794 1581 968 1718 historiam
983 1619 1128 1690 erueret,
1173 1645 1176 1658 ·

85 1690 174 1801 qtiae
195 1708 388 1777 hominibus
409 1705 487 1772 usui
508 1716 603 1770 esset.

190 1822 488 1895 Ecclesiasten
513 1843 583 1888 uno
604 1831 697 1888 tomo
719 1803 918 1912 deprecante
938 1774 1129 1912 Porplryrio

86 1931 329 2022 interpretetus
350 1937 400 1991 est
422 1937 506 1992 teste
527 1921 692 1992 Ebediesu
719 1929 742 1996 l.
763 1952 791 1994 c
808 1949 843 2016 Ρ.
866 1928 918 1994 82.
962 1925 1027 1994 Sed
1051 1947 1137 1990 cunr

67 2032 315 2112 ‚Canticum
361 2022 631 2106 Ca'nticorum
672 2031 916 2096 commentario
950 2030 1132 2095 illustrasse

59 2143 63 2152 ’
88 2135 288 2227 pervulgata
304 2129 458 2214 quidem,
480 2129 591 2197 minua
605 2143 718 2198 tamen
731 2129 913 2220 probabilis
929 2145 979 2198 est
994 2145 1133 2198 senten·

33 2257 38 2270 '
89 2241 156 2323 tia,
194 2256 281 2323 quoe
317 2244 446 2298 tantum
481 2231 572 2300 ab'est
604 2249 642 2302 ut
672 2235 712 2300 iis
742 2255 826 2320 quae
858 2235 895 2304 in
926 2234 998 2302 Act
1028 2236 1132 2300 Cone.
1196 2241 1200 2256 '
1238 2273 1241 2279 -
1333 2261 1347 2291 a

91 2344 206 2410 Const.
227 2339 268 2404 ΙΙ.
290 2335 349 2402 lV.
371 2339 414 2408 68
428 2371 473 2390 ·-
487 2339 542 2407 71.
567 2331 723 2424 leguntur
751 2337 936 2426 quibusque
967 2335 1133 2422 originem

90 2465 190 2510 suam
219 2437 513 2522 debet'firmetur,
550 2449 589 2504 ut
615 2438 824 2528 reprobetur.
874 2437 997 2506 Scribit
1022 2437 1135 2505 autem

92 2541 296 2614 Theodorus
323 2539 365 2605 ed
396 2540 542 2607 amicum
569 2541 681 2607 nescio
711 2562 829 2625 quem,
868 2567 903 2610 se
931 2566 1008 2609 cum
1037 2554 1135 2608 auten
1176 2551 1179 2560 '

93 2645 260 2718 canticum
282 2643 486 2710 canticorum
514 2656 654 2732 propter
676 2644 747 2708 eiu'e
767 2644 917 2711 indolem
939 2646 1050 2730 legere
1070 2665 1137 2708 no·
1203 2663 1226 2718 ’,

47 2739 53 2750 “
92 2751 210 2818 luisset
238 2745 337 2812 amici
363 2746 467 2810 literis
492 2755 717 2832 provocatum
745 2746 907 2812 maiorem
938 2753 1005 2814 iem
1028 2745 1066 2810 in
1095 2768 1136 2810 eo
1176 2795 1178 2800 .

93 2852 246 2944 posuisse
271 2847 495 2932 diligentiam,
522 2845 602 2913 licet
621 2847 717 2914 initio
737 2849 878 2915 oscitana
894 2849 1090 2938 frequenter
1104 2864 1138 2914 et

61 2969 63 2974 '
96 2955 281 3021 dormitans
308 2948 392 3015 illud
421 2949 624 3039 perlegisset.
673 2951 746 3017 Iam
777 2952 855 3039 quid
884 2953 925 3021 de
953 2975 994 3021 eo
1014 2953 1138 3020 sentiat

96 3057 254 3148 exponit,
281 3052 340 3120 sed
368 3053 416 3119 its
446 3064 483 3118 ut
504 3075 561 3137 ea,
584 3076 728 3140 quornm
751 3077 857 3142 panes
877 3067 1007 3122 tentum
1027 3047 1138 3125 medie

97 3172 132 3227 et
158 3158 296 3226 fortasse
326 3155 429 3220 etiam
459 3169 610 3221 extrema
636 3149 886 3237 interciderint,
913 3178 1022 3239 neque
1045 3181 1139 3222 com-

10 3279 13 3288 *
98 3258 265 3328 menterio
295 3255 476 3344 praemisse
502 3277 612 3341 neque
643 3257 679 3322 in
705 3281 745 3321 eo
773 3257 845 3346 ipso
875 3257 1039 3346 disputate
1067 3280 1138 3322 esse

99 3371 305 3452 appetent·
327 3359 503 3424 Praeterea
539 3381 584 3423 ex
616 3362 858 3426 commentario
893 3363 952 3429 illa
988 3358 1179 3437 decumis„

101 3489 173 3532 ease
202 3463 261 3551 qui
289 3483 329 3528 ea
356 3459 523 3550 excerpsit
551 3483 596 3526 ne
624 3463 727 3527 verbo
760 3463 895 3548 quidem
920 3464 1051 3546 innuit,
1080 3453 1139 3530 sed

101 3569 184 3635 baec
212 3566 285 3632 sola
308 3562 453 3630 Leontio
481 3562 502 3630 1.
529 3585 557 3628 o.
585 3587 620 3654 p.
640 3569 715 3632 687.
744 3604 820 3652 ,,-
848 3549 943 3636 (laist.
974 3567 1011 3634 C.
1031 3603 1075 3616 —-
1096 3602 1140 3618 -
1196 3575 1199 3584 ’

102 3670 279 3738 libidinose
311 3689 376 3756 pro
406 3687 467 3732 sua
492 3677 525 3732 et
553 3681 666 3734 mente
693 3681 726 3734 et
746 3669 890 3758 lingua
879 3672 1068 3736 meretricia
1086 3671 1141 3734 in-

103 3781 306 3861 terpretana,
336 3791 395 3836 sue
423 3787 525 3856 supra
553 3768 693 3833 modum
720 3751 909 3836 incredibili
936 3771 1072 3838 audacie
1097 3795 1141 3837 ex
1234 3763 1238 3768 ’

104 3865 619 3957 libriss.abac1drt“,Pelagio
648 3893 724 3960 pap.
747 3895 800 3962 ep.
824 3864 887 3936 Ill.
909 3873 950 3940 nd
974 3871 1084 3942 Etiam
1108 3886 1142 3940 et

105 3977 181 4044 latr.
203 3999 256 4065 ep.
282 3973 385 4038 Hand.
407 3973 476 4041 1.ο.
498 3971 621 4062 Ρ.438.
664 3971 784 4058 „Cum
805 3975 871 4042 Th.
894 3978 988 4044 Cant.
1010 3975 1047 4043 Ο.
1068 3978 1142 4043 vel·
1210 3967 1214 3979 ⁴

107 4079 154 4146 let
174 4091 353 4169 exponere·
368 4087 400 4142 et
422 4097 491 4142 non
515 4075 557 4143 ad
580 4087 791 4162 commenta,
812 4079 868 4144 sed
892 4081 1002 4171 potine
1022 4081 1065 4147 sd
1081 4080 1142 4144 de·
1185 4149 1186 4156 Ρ

108 4179 280 4256 lirsmenta
300 4178 483 4266 laboraret,
502 4201 565 4268 per
579 4179 670 4248 huno
688 4179 810 4250 librum
823 4182 1039 4276 Athiopiesee
1052 4183 1143 4270 regi·
